2934 4838
372 308 673 379 AGROPOLITAM
691 308 833 377 NOTAE
1071 312 1145 381 215

50 470 95 534 ed
114 470 350 555 oppugnandam
371 473 492 554 cpolim
509 474 622 534 cummi
644 472 790 554 pontitida
808 474 924 533 literae.
972 480 1069 533 totum
1088 471 1146 536 hoc

49 563 212 639 negotium
230 562 311 639 regia
325 561 466 619 Franciae
485 560 553 618 fuit.
597 557 748 639 quomodo
767 578 838 619 vero
849 557 955 619 Veneti
969 561 1059 637 primi
1075 572 1144 621 anta

48 645 129 705 alica
141 647 268 725 ingraaai
281 646 462 724 Byzantium
474 641 634 703 ‹liountnri
676 664 746 704 cum
762 664 810 703 rea
829 646 938 703 civium
958 643 1039 722 apud
1058 664 1144 703 aum-

46 748 138 789 mnna
154 740 271 809 patrem
285 740 439 809 gereretur
450 731 571 812 vitaque
586 748 690 788 eornm
702 730 735 788 iu
750 726 841 789 dubio
855 738 943 803 earet,
956 731 1143 807 pactionibus

46 833 142 893 saep
164 815 313 889 confuaia,
341 816 532 897 ymauamm
550 813 614 873 dux
630 817 736 873 Erioaa
756 812 912 874 Dandulua
927 833 996 872 cum
1011 816 1142 893 impera-

45 907 113 957 tore
128 896 168 958 ale
185 919 259 979 paca
273 910 391 959 acturna
405 902 519 958 triremi
532 901 618 958 iuxta
631 896 822 959 Coamedirnn
836 899 970 979 appellit.
992 897 1099 958 eodem
1111 911 1142 960 at

45 983 215 1062 imperator
228 1003 306 1065 equo
320 980 487 1043 advehitur·
529 983 602 1044 dum
616 982 654 1043 de
669 1004 742 1064 pace
759 995 789 1043 et
800 983 1021 1045 condicionibus
1035 982 1141 1063 diapu-

45 1077 140 1144 tatur,
156 1071 335 1128 Latinorum
347 1079 499 1150 equestres
513 1072 616 1150 copiae
628 1090 669 1129 ex
681 1072 832 1149 euperiore
842 1071 909 1130 loco
924 1069 1021 1128 aubito
1038 1088 1140 1127 erum-

43 1164 156 1231 pentes
168 1155 249 1213 laxia
264 1151 390 1213 habeuia
402 1154 612 1234 imperatorem
628 1166 748 1234 petunt,
775 1165 809 1215 ut
829 1158 883 1213 rix
902 1173 981 1235 equo
998 1172 1140 1212 courerao

44 1239 220 1317 periculum
240 1237 378 1317 effugerit
398 1249 429 1298 et
450 1242 592 1299 comitum
612 1243 677 1299 eiua
693 1241 789 1321 aliqui
802 1250 986 1320 caperentur.
1028 1236 1139 1297 exinde
1184 1274 1189 1279 -

42 1325 207 1381 maximae
225 1320 349 1383 hostiles
365 1344 474 1398 naver,
502 1326 535 1382 in
548 1325 656 1404 quibua
666 1336 786 1404 paratae
798 1336 883 1384 eraut
895 1325 992 1384 scalae
1007 1333 1139 1381 caetera-

42 1426 105 1487 que
118 1408 327 1549 {nauumanta
350 1407 388 1467 ad
409 1408 643 1552 oppugglapndnm
662 1411 845 1555 urgeamur,
873 1420 953 1469 recta
966 1405 1006 1467 ad
1020 1409 1140 1467 moenia

41 1509 117 1551 acca
141 1502 240 1550 nutet
254 1513 326 1553 occu
385 1503 408 1553 t.
450 1514 490 1553 ex
550 1496 659 1554 oniata.
729 1514 779 1554 aa.

131 1597 166 1655 p·
181 1580 202 1639 9
222 1598 252 1636 v.
267 1581 299 1640 9.
325 1512 425 1651 ancue
439 1575 495 1659 pia
508 1575 612 1659 ὄντος]
641 1581 811 1660 Acropolita
824 1589 925 1638 notter
938 1577 1012 1635 fauit
1026 1595 1137 1634 annmn

42 1661 151 1723 6711:
178 1679 309 1741 namque
331 1661 448 1722 decimo
463 1667 575 1724 menaia
590 1667 663 1724 Maii
678 1669 711 1723 in
731 1666 837 1724 urbem
854 1663 1013 1742 appulere,
1040 1666 1138 1720 conti-

41 1753 180 1803 nuarunt
199 1746 386 1807 obeidiouam
406 1768 524 1808 menaea
544 1748 701 1825 undecim,
730 1768 822 1831 qnare
843 1750 881 1811 11
896 1749 1008 1805 mancia
1023 1746 1136 1825 Aprilis

44 1829 155 1887 urbem
176 1831 302 1909 ingreaai
319 1842 398 1890 aunt.
439 1853 512 1891 uam
530 1836 557 1892 ai
576 1836 617 1899 68
636 1854 729 1893 annua
748 1854 816 1893 eam
833 1843 955 1890 tenuere
968 1833 1084 1903 Latini,
1106 1839 1137 1888 et

44 1931 125 1973 enno
140 1918 226 1978 6769
247 1927 456 1996 recuperarrmt
469 1919 590 1995 Graeci,
618 1921 645 1978 ai
665 1917 769 1979 demea
788 1927 947 1996 occupatae
967 1932 1136 1989 nnmerum,

45 2000 99 2077 qui
114 2012 272 2059 remanent
285 2013 372 2060 erunt
383 2004 454 2059 anui
466 2005 559 2066 6711.
602 2001 748 2062 Choniata
764 2006 796 2061 in
809 2001 858 2061 dia
873 2003 985 2060 menaia
998 2000 1137 2071 conciuit,

45 2082 78 2139 in
89 2102 171 2142 anuo
184 2103 247 2149 non
261 2089 352 2161 ium,
378 2096 523 2166 tanquam
541 2090 595 2167 qui
613 2108 692 2146 anno
705 2108 765 2146 uno
780 2090 892 2146 auctior
907 2088 965 2145 ait:
996 2086 1038 2141 ait
1055 2084 1136 2141 euim

45 2186 113 2225 eam
127 2179 249 2248 captam
263 2190 342 2230 auno
356 2173 450 2235 6712.
493 2190 535 2230 ex
550 2172 657 2253 quibua
679 2170 870 2250 corrigendus
891 2181 936 2230 eat
956 2167 1039 2227 idem
1055 2164 1136 2226 cho-

45 2253 125 2311 niata
144 2256 180 2312 in
192 2254 358 2315 Balduiuo:
388 2250 477 2329 διαδς
491 2254 545 2335 μὲν
560 2248 617 2319 οὖν
630 2254 679 2319 διδ
693 2254 783 2319 δυάδι
796 2260 851 2319 roei
862 2250 1032 2335 Ἀπριλλίου
1044 2247 1137 2332 umbe

46 2332 227 2418 leumiim,
248 2345 304 2420 τῆς
315 2333 448 2421 ἑβδόμης
467 2340 655 2413 latitantium
673 2345 727 2404 τοῦ
744 2339 993 2421 δξακισχιδιοστοῦ
1010 2336 1136 2400 ἑπτακο-

47 2427 166 2486 amatori
186 2425 319 2506 (legitur
333 2420 585 2503 iatceoorocaoai)
602 2421 773 2488 δωδεκάτου
787 2424 888 2499 itanc,
915 2420 967 2486 aci
984 2419 1137 2502 ἠβασιλὶς

45 2502 131 2579 πόλις
153 2505 234 2589 node
253 2512 396 2573 Acritan
415 2511 593 2589 κεχείρωται.
635 2512 744 2569 etalio
768 2529 888 2592 quoque
908 2509 976 2567 loco
999 2509 1136 2585 πέμπτην

46 2586 236 2753 1²
245 2585 1136 2762 “r÷t(a

46 2760 134 2841 ποῦ)
147 2765 252 2846 rpieoo
265 2763 317 2827 aui
331 2764 457 2827 δεκάτου
470 2763 562 2838 boor.
604 2767 682 2824 Aac.

45 2928 69 2986 Δ
124 2846 166 2907 ib.
194 2869 225 2908 v·
241 2852 292 2915 18.
334 2844 567 2931 δπδκδ1μακος]
590 2848 735 2909 Chomara
752 2869 784 2928 p·
795 2851 856 2914 721
878 2853 918 2913 21
941 2858 972 2907 et
994 2846 1056 2912 753
1082 2842 1135 2908 11.

71 2947 119 2989 ιι..

125 3015 167 3075 ib·
194 3035 225 3075 v·
242 3013 292 3080 11.
332 3010 389 3081 buu
407 3014 462 3098 pia
479 3008 553 3098 οὖν]
583 3019 732 3077 malornm
753 3015 984 3074 infortuniorum
1006 3030 1041 3068 ac
1064 3029 1134 3069 cae-

47 3094 145 3177 dium,
165 3101 277 3182 quibua
290 3104 323 3160 iu
339 3101 423 3162 clade
435 3104 488 3162 illa
502 3105 657 3183 cpolitano
673 3121 708 3159 ac
720 3100 878 3160 Orientalia
893 3098 1012 3175 imperii
1023 3092 1133 3152 huma-

45 3201 116 3242 num
138 3206 251 3266 genua,
277 3184 332 3246 aed
346 3189 526 3248 Graecorum
543 3189 733 3268 potiaaimum
751 3185 895 3243 afflictum
915 3191 975 3254 eet,
996 3189 1064 3258 poet
1082 3175 1133 3237 dei

46 3272 144 3330 onnia
156 3271 342 3351 dieponentia
355 3270 574 3352 providentiam
587 3282 617 3331 et
629 3275 662 3331 iu
673 3281 794 3350 peccata
807 3266 964 3327 bominum
976 3281 1134 3342 nunquam

46 3368 105 3410 non
115 3359 248 3416 rontium
261 3360 421 3418 saevientis
434 3355 660 3431 humanitatem,
672 3374 793 3415 canaam
803 3354 909 3411 Graeci
919 3351 1044 3423 Lamia,
1055 3367 1133 3429 quo-

47 3453 112 3497 ram
125 3445 245 3522 caepim
259 3444 333 3502 aliea
344 3444 478 3502 furorem
493 3451 523 3500 et
536 3443 754 3499 immanitatem
767 3439 884 3517 experti
897 3436 1024 3507 fuerunt,
1047 3435 1133 3491 attri-

46 3518 153 3600 bunut,
185 3529 286 3587 Latini
304 3528 484 3587 Graecorum
500 3524 641 3605 perfidiae
662 3533 692 3583 et
712 3523 867 3603 apostolici
891 3522 1029 3579 culminia
1048 3516 1131 3576 odic.

46 3605 197 3672 lamniano
212 3632 251 3671 an
266 3613 387 3672 Graecia
406 3610 480 3671 fidea
502 3614 535 3669 iu
557 3607 614 3669 hoc
628 3610 748 3688 negotio
763 3603 903 3665 habenda
921 3603 988 3665 eati
1029 3603 1131 3661 Latini

49 3686 146 3754 dicant
163 3697 240 3757 cibi:
275 3717 348 3757 uam
366 3699 473 3757 Graeci
490 3697 661 3775 eloquentia
680 3695 781 3753 omnia
798 3695 965 3765 invertunt,
992 3685 1131 3747 homines

48 3772 167 3840 fallaces
181 3792 212 3841 et
223 3783 306 3842 laver
319 3794 350 3843 et
365 3781 403 3841 ad
419 3784 545 3840 nimiam
560 3781 791 3839 mentationem
804 3776 928 3849 eruditi,
959 3773 1131 3853 profitente·

49 3865 298 3936 quemdmodnm
309 3887 397 3927 caum
406 3868 530 3926 inferior
543 3862 670 3929 dicendo
683 3864 747 3922 fieri
760 3865 895 3943 superior
909 3869 1018 3939 poaeet,
1031 3859 1129 3931 otiari,

48 3939 200 4027 ¹⁰qntaea,
230 3955 427 4012 contentionis
449 3950 616 4031 cupidiorea
639 3968 731 4030 quam
753 3949 900 4020 veritatia3
937 3944 1062 4025 quibua,
1097 3953 1131 4000 ut

51 4024 158 4110 finiam,
177 4037 384 4097 iueiurandum
397 4041 481 4096 ionae
495 4047 540 4095 eat
552 4045 581 4093 at
593 4035 798 4095 teatimonium
808 4030 907 4091 ludar.
951 4029 1055 4087 Graeci
1073 4027 1130 4085 cibi

51 4109 137 4174 fidem
150 4122 358 4200 praeatandam
369 4142 433 4182 eaae
447 4112 638 4183 contendunt.
674 4139 751 4201 quae
764 4121 823 4198 ipsi
837 4116 874 4176 da
887 4117 1003 4175 Latinis
1017 4111 1129 4186 dicunt,

52 4205 83 4251 ¹¹1
95 4199 183 4263 fidem
196 4208 324 4282 elevent,
344 4227 405 4267 non
418 4206 468 4266 hic
481 4225 649 4285 congeram.
693 4206 813 4264 Graecia
824 4201 862 4262 de
876 4202 991 4260 Latinis
1003 4199 1132 4279 loquen-

53 4279 127 4345 fibm
140 4289 230 4352 fidem
244 4294 361 4353 unllam
374 4312 439 4353 eaee
456 4294 666 4353 merentum
679 4292 796 4351 Latini:
824 4298 926 4349 contra
937 4286 1043 4345 Graeci
1059 4285 1131 4344 uul-
