2934 4838
422 291 721 363 aeaoroutttt
742 284 895 361 Notou
1122 296 1198 367 253

102 459 181 522 baec
203 457 244 521 de
262 458 398 521 Temobi
417 459 556 539 episcopo
576 457 704 537 scripsit.
746 455 786 518 de
806 457 941 519 Temobi
958 459 1126 520 autonomia
1140 479 1198 523 nos

103 549 198 606 etiem
212 546 296 605 olibi.
336 545 514 605 Temobum
527 562 615 623 porm
626 544 762 601 omniurn
777 546 886 604 Haemi
900 544 1021 603 urbium
1030 548 1197 607 munitissi-

103 651 190 709 mam
202 642 234 690 et
247 630 534 711 praestantissimam
545 625 617 687 dicit
631 625 786 706 Chcniota,
806 631 840 688 iu
850 631 962 690 montis
975 631 1085 691 vertice
1099 633 1198 710 sitam,

102 717 200 775 fiunis
212 713 428 775 circumdatam
442 713 609 772 moenibus.
651 715 728 772 Anu.

190 821 222 881 p.
238 801 279 866 55
293 820 324 857 v.
336 802 368 862 9.
410 793 467 878 mic
479 793 623 877 decessio]
646 798 792 877 Gregores
804 816 835 876 p·
849 800 891 862 80
910 799 942 862 6.
984 798 1063 858 Am..

190 905 221 965 p.
238 887 279 949 66
292 904 322 944 r.
337 882 389 948 15.
432 880 565 962 ἔφημεν]
590 901 656 961 cap·
673 883 722 945 31.
766 884 845 941 Aur..

189 990 219 1050 p.
235 969 277 1032 58
291 988 322 1028 r.
335 970 367 1032 8.
409 965 564 1048 Σκυθᾶν]
587 986 656 1025 oum
673 969 913 1026 ioanneeDucas
928 985 1029 1025 rerum
1043 967 1199 1046 potiretur,

102 1055 241 1113 maxima
257 1050 438 1133 Scytharum
457 1048 618 1111 multitudo
634 1052 671 1109 ab
683 1052 883 1131 Hyperboreis
897 1048 990 1110 effusa
1003 1049 1043 1110 ad
1057 1054 1201 1133 Caspimu

103 1159 188 1197 mare
203 1135 372 1213 descendit,
392 1148 423 1197 et
437 1157 540 1196 eorum
553 1134 627 1194 duce
641 1137 803 1196 Sitziecene
817 1134 957 1195 defuncto
970 1135 1025 1195 filit
1039 1139 1103 1197 eius
1116 1136 1199 1197 eha-

102 1224 172 1283 laus
184 1234 215 1282 et
226 1223 399 1302 Telepuges
412 1224 560 1282 exercitus
574 1219 720 1283 dividunt.
754 1219 884 1281 Chalaus
895 1221 1037 1300 Caspium
1050 1232 1080 1280 et
1092 1225 1198 1281 laxar-

100 1318 177 1366 tem‘
190 1308 315 1367 fluvium
336 1305 375 1366 ed
395 1307 646 1386 septemtrionem
662 1306 834 1386 relinquens
846 1325 900 1386 per
910 1306 1081 1365 inferiorem
1092 1309 1198 1366 Asiam

102 1390 277 1452 descendit:
295 1393 468 1472 Telepuges
491 1390 636 1450 limitibus
659 1391 778 1470 imperii
794 1393 842 1450 sui
859 1393 1026 1450 constitutis
1038 1390 1196 1451 meridiem

99 1496 210 1537 versus
223 1479 345 1537 Caucasi
359 1477 562 1536 cacuminibus
577 1485 607 1534 et
621 1473 761 1554 deinceps
775 1477 852 1534 meri
866 1476 989 1554 Caspio,
1011 1492 1065 1555 per
1078 1479 1195 1536 Messa·

101 1573 242 1640 getarum
256 1573 286 1621 et
298 1563 541 1621 Sauromatarum
553 1561 706 1639 regionem
717 1561 921 1640 pmficiscittu,
937 1561 1106 1643 subigitque
1118 1581 1195 1642 gen-

99 1658 152 1706 tes
164 1665 267 1705 omnes
282 1665 358 1728 quae
370 1644 552 1705 Maeotidem
564 1644 707 1723 paludem
722 1656 753 1704 et
763 1648 893 1705 Tanaim
912 1646 1094 1709 accolebant.
1138 1646 1207 1706 de·'

100 1728 176 1790 inde
190 1733 288 1790 Tanai
303 1741 440 1811 superato
459 1728 601 1790 adversus
618 1733 789 1810 Eumpaeas
807 1741 912 1810 gentes
927 1731 1037 1789 multos
1050 1751 1085 1790 ao
1096 1734 1193 1792 varies

102 1825 136 1874 et
157 1834 197 1874 ex
217 1814 325 1875 iisdem
341 1813 462 1895 Scythis
478 1826 557 1875 ortee
568 1816 715 1894 impetum
726 1815 815 1890 facit,
837 1834 914 1896 quae
930 1817 1127 1894 impressione
1139 1818 1194 1876 illa

100 1903 277 1982 perterritae
292 1900 452 1960 mutandae
466 1902 524 1959 sibi
542 1898 629 1960 sedes
643 1911 839 1960 censuerunt:
859 1917 959 1981 neque
975 1902 1057 1959 enim
1069 1901 1131 1960 illie
1144 1920 1196 1961 ea-

99 1988 144 2045 tis
155 1984 281 2045 fiduciae
294 1985 333 2044 ad
346 1982 544 2045 resistendum
556 1996 628 2060 erat,
649 1983 704 2044 sed
715 2005 819 2044 omnes
832 1996 862 2045 et
874 1978 979 2064 gentes
990 1995 1020 2043 et
1031 1985 1120 2044 urbes
1131 1995 1195 2043 tre-

100 2069 248 2150 pidabant
262 2080 292 2130 et
305 2071 387 2130 reiut
401 2073 500 2150 spicae
513 2072 546 2129 iu
559 2089 628 2129 eree
642 2071 820 2143 terebantur.
862 2067 942 2128 uude
958 2079 988 2127 et
1003 2067 1037 2127 hi
1050 2067 1191 2150 Scythico

99 2156 183 2214 bello
205 2154 360 2235 desperato
381 2157 511 2235 pellibus
530 2156 618 2236 palea
633 2155 731 2234 plenis
745 2174 799 2234 pro
815 2155 927 2214 ratibus
943 2155 990 2212 usi
1005 2173 1074 2212 oum
1087 2154 1193 2212 uxori·

98 2241 160 2299 bus
177 2251 207 2299 et
222 2241 324 2300 liberie
345 2243 454 2299 Istmm
478 2242 676 2314 transierunt,
698 2259 754 2297 uec
768 2239 853 2297 brevi
866 2249 1000 2318 tempore
1014 2239 1047 2295 in
1060 2236 1192 2298 Thracia

99 2325 292 2399 oberrarunt,
321 2323 461 2384 idoneam
482 2326 540 2384 sibi
561 2326 709 2385 coloniam
729 2332 922 2406 quaerentes,
944 2321 1050 2381 decem
1067 2324 1192 2384 milibus

99 2407 184 2468 baud
197 2412 361 2490 pauciores.
383 2430 423 2469 ex
435 2411 576 2489 Gregora.
618 2412 696 2468 Aac.

185 2492 227 2553 ib.
253 2514 284 2554 r.
304 2497 335 2558 9.
378 2493 416 2554 de
438 2497 632 2555 Tartarorum
656 2493 783 2554 colluvie
804 2502 835 2553 et
853 2491 991 2552 barbarie
1012 2492 1089 2552 rarii
1109 2493 1193 2552 varia

97 2576 1028 2744 ffuffinaen’etffsmideildidedeiildtmdll'ednmgddfflgdlglnffioid
1035 2580 1192 2724 'Sahdtiramtit

98 2750 266 2828 Europaeo,
288 2758 317 2808 et
330 2750 498 2830 complures
513 2753 575 2815 elii.
619 2754 755 2811 omnium
767 2750 1003 2810 luculentissime
1017 2752 1192 2811 Vincentius

97 2833 291 2894 Beluacensis
311 2836 345 2893 in
364 2836 452 2915 Spec.
471 2837 581 2895 Hister.
600 2837 655 2895 lib.
669 2840 708 2900 31
728 2847 758 2895 et
772 2839 813 2900 32
831 2854 873 2893 ex
886 2826 1009 2895 Simone
1027 2833 1064 2893 de
1080 2836 1190 2894 Sancto

97 2920 239 2990 Quintium
264 2930 293 2978 et
315 2916 447 2979 Iohanne
469 2917 506 2978 de
526 2921 720 2998 Plauocarpi3
743 2918 892 3000 quaedam
908 2922 999 2977 etium
1013 2937 1052 2976 ex
1066 2915 1190 2991 historin

96 3004 303 3063 Terturorum.
345 3003 401 3063 hos
422 3006 568 3064 vincentii
591 3016 724 3063 auctores
742 3014 878 3063 secutum
894 3000 982 3060 rideo
997 3003 1067 3062 Ant.
1084 3002 1189 3060 Bonfi·

95 3090 183 3146 nium
197 3090 266 3152 Iter.
280 3091 390 3167 Unger.
402 3087 511 3149 Decad.
527 3094 548 3152 2
563 3089 616 3146 lib.
632 3092 669 3161 8,
691 3089 743 3146 ubi
759 3091 861 3146 stritim
875 3089 906 3145 in
922 3087 1006 3144 initio
1021 3083 1059 3144 de
1072 3089 1188 3144 miran-

97 3170 146 3231 dis
167 3175 363 3233 Tartarorum
384 3174 517 3233 moribus
533 3173 678 3233 nonnulla
693 3174 872 3251 praemittit,
900 3173 1085 3249 Ungarorum
1102 3179 1188 3249 gesta

96 3277 167 3315 eum
181 3260 254 3337 ipsis
265 3259 345 3316 bella
357 3268 425 3338 pont
441 3268 733 3319 commemoraturus.
765 3258 829 3316 illio
840 3253 924 3330 vide,
945 3257 971 3313 si
986 3253 1111 3313 fortasse
1123 3255 1187 3314 ulla

95 3342 152 3401 tibi
166 3340 270 3401 lubido
282 3353 327 3402 est
340 3341 538 3420 cognoscendi
551 3341 675 3423 bipedes
688 3343 904 3422 nequissimos,
924 3338 1079 3413 homines,
1101 3350 1134 3398 ut
1144 3342 1187 3398 ita

96 3424 214 3501 dicam,
233 3446 294 3486 non
313 3424 466 3502 homines,
489 3438 540 3486 aut
561 3431 659 3507 potius
681 3446 792 3506 magna
814 3436 899 3506 parte
918 3425 1051 3499 bellues,
1073 3425 1187 3483 siverat

94 3522 167 3571 aunt
179 3529 256 3592 quae
268 3509 306 3569 de
320 3514 357 3571 iis
362 3512 459 3591 vulgo
471 3511 628 3571 traduntur
641 3511 678 3569 ab
692 3512 753 3570 illis
767 3513 882 3592 quiunt
895 3512 954 3589 ipsi
967 3519 1089 3589 gentem
1099 3506 1188 3567 ride·

94 3606 181 3672 runt,
203 3606 255 3655 eut
268 3616 287 3654 e
298 3594 357 3656 fide
372 3596 472 3704 dignis
487 3617 522 3655 ea
538 3615 615 3677 quoe
630 3597 763 3655 referunt
776 3615 927 3676 aecepere.
968 3596 1092 3653 Dones.

180 3678 223 3741 ib·
238 3700 269 3741 v·
285 3686 335 3746 12.
379 3679 502 3762 Ευρον]
514 3676 629 3762 Ἕβρον
646 3678 809 3761 legendum
827 3691 879 3740 aut
896 3682 996 3739 seltIm
1013 3679 1187 3756 intelligen-

93 3762 168 3824 dum
183 3763 302 3824 videtur
316 3768 496 3828 amicissimo
511 3777 613 3826 nostro
625 3767 782 3829 Scriverio.
825 3776 856 3824 et
869 3766 912 3825 sio
927 3763 1084 3844 aliquoties
1097 3762 1186 3838 infra,

93 3860 125 3910 et
145 3848 224 3930 apud
243 3854 388 3913 Nicetam.
431 3850 541 3910 adhibe
557 3851 673 3910 tubulas
691 3852 905 3927 Ptolemeieae,
927 3850 1098 3907 Mercatoris
1112 3848 1187 3906 item

91 3944 183 4015 atque
209 3937 313 3997 Ortelii
340 3939 661 4018 praestantiseimorum
689 3932 930 4015 geograpbomm
952 3931 1185 3993 lucubrationes.

89 4022 215 4080 Dorso.

176 4125 207 4184 p·
222 4107 264 4168 60
277 4124 306 4162 v·
321 4109 352 4170 2·
397 4102 483 4169 ttut
504 4107 560 4182 τῆς
582 4100 725 4183 τραπέζης
748 4100 878 4180 dignitas
899 4102 931 4159 in
949 4101 1184 4181 Byzantiuomm

90 4191 304 4269 impemtcmm
318 4189 388 4248 aula
401 4209 461 4247 nou
476 4199 624 4269 postremo
635 4188 700 4247 loco
712 4184 814 4245 habita
825 4196 887 4261 est,
909 4195 942 4244 ut
956 4182 1036 4265 opud
1049 4186 1184 4266 Curope-

90 4275 183 4332 tutem
196 4275 333 4352 legimus.
364 4271 552 4349 Witiohiudo
567 4284 612 4334 est
626 4292 744 4331 mernere
756 4272 952 4342 mirabuntur,
971 4271 1039 4331 attis
1050 4270 1125 4349 ἄορί
1139 4277 1180 4331 ir.
