2934 4838
316 349 393 419 uso
709 340 755 406 m
781 317 1008 406 onoucrnn

317 515 373 573 tim
385 509 513 588 fugisse
534 505 657 565 Latinos
668 522 779 583 magna
792 501 883 562 caede
896 502 977 561 facta
991 502 1099 561 urbem
1109 500 1274 561 iunxisse.
1309 504 1408 581 poetri

318 597 367 657 dia
388 593 564 653 Munatium
585 593 695 649 itennn
716 599 932 669 repugnantem
953 591 1069 646 victum
1090 605 1170 659 esse3
1202 596 1276 643 tum
1299 589 1408 666 plenam

318 681 473 742 victoriam
492 678 608 736 Latinis
628 676 788 754 obtigisse,
809 685 841 731 et
852 673 1107 732 inaestimabilem
1118 668 1268 751 praedam
1285 673 1407 730 absum

317 783 463 846 equorum
477 764 541 821 anri
555 763 671 840 argenti
684 778 872 839 gemmarum
884 767 915 815 et
927 760 1131 836 pretiosarum
1142 758 1295 815 restium.
1336 759 1407 815 siis-

317 858 360 908 ter
386 847 523 928 singulos
543 843 679 927 (inquit)
701 846 857 904 vaetertium
874 845 1072 920 paramur,
1104 840 1236 921 quattu
1256 862 1297 899 es
1319 846 1409 900 nostris

317 955 378 993 non
383 935 543 1013 pauciores
555 951 647 1012 quom
661 940 779 989 centem
792 926 905 986 obsedit
914 938 941 984 et
955 929 1039 985 vicit.
1085 925 1174 984 nobis
1185 947 1253 984 non
1267 930 1409 984 νίοωώι

317 1039 512 1096 rtaurpamua:
533 1036 555 1074 α
575 1016 692 1074 domino
710 1013 887 1093 estfactum
900 1012 995 1086 istud;
1016 1023 1046 1069 et
1061 1023 1104 1069 est
1120 1010 1270 1069 runi-abile
1284 1014 1320 1069 ε’»
1329 1013 1409 1070 mh·

317 1106 437 1162 nusum
481 1098 566 1160 addit
579 1120 596 1159 a
608 1103 694 1159 certis
707 1098 831 1157 delectis
843 1095 893 1156 die
905 1095 1056 1156 dominica
1067 1097 1299 1155 mammen
1308 1097 1410 1155 dauns

316 1193 528 1269 imperatorem
543 1187 670 1244 electum
686 1204 760 1259 esse,
782 1183 978 1263 sequentique
992 1180 1146 1240 dominica
1159 1181 1296 1240 iubilate
1306 1183 1353 1241 dra
1363 1185 1408 1239 iu-
1452 1206 1453 1245 l

316 1276 401 1353 genti
419 1274 553 1332 omnium
574 1272 721 1350 applausu
747 1269 949 1327 sublimatum.
994 1265 1109 1325 ibidem
1135 1264 1203 1325 hoc
1230 1269 1317 1326 titulo
1334 1287 1408 1339 mus,
1452 1260 1453 1353 l

258 1362 262 1367 ’
318 1358 493 1417 Batdrn’mn
513 1351 1304 1434 deigrntistfideliasimuoimparatarspolitamu,
1324 1353 1453 1409 adso*

318 1452 487 1510 euronotus,
508 1440 678 1498 Romanioe
698 1436 851 1519 (ituapud
862 1436 1030 1495 Arnoldum
1041 1446 1087 1494 est
1100 1436 1306 1516 legandum)
1324 1438 1408 1495 κοὰ-
1452 1402 1453 1487 i

317 1539 398 1586 rator
409 1537 439 1583 et
450 1545 563 1603 semper
575 1524 750 1604 Angustus,
772 1522 966 1588 Flavadrenm
981 1532 1009 1578 et
1021 1523 1300 1600 Hmnegovimu
1318 1545 1405 1581 mne.
1452 1504 1453 1551 A

316 1610 371 1671 has
394 1612 535 1690 epistolas
556 1611 656 1688 legere
674 1610 788 1667 volenti
808 1611 839 1664 in
858 1605 970 1665 mundo
991 1617 1036 1665 est
1054 1605 1219 1666 Aruoldns
1238 1609 1409 1667 Labeonis

317 1697 419 1772 abbas,
440 1698 627 1754 continuator
640 1691 792 1753 llelmoldi
805 1692 980 1751 Sclavorum
990 1688 1233 1771 chronographi,
1257 1696 1330 1773 ipso
1341 1696 1407 1755 libb

313 1781 382 1840 fine.
424 1783 507 1860 prior
527 1782 668 1858 hiscripta
689 1789 733 1837 est
753 1777 992 1836 excellmzbsimo
1005 1777 1071 1833 Do.
1095 1775 1233 1848 Othoni,
1256 1779 1313 1836 dei
1321 1782 1408 1858 gemis

314 1868 522 1925 Romanorum
543 1867 607 1944 regi
626 1874 655 1920 et
674 1884 789 1941 comper
809 1862 965 1937 Angusto,
985 1862 1132 1940 posterior
1147 1863 1340 1923 inscribitur
1353 1867 1408 1922 nal

314 1955 408 2012 versis
433 1950 544 2009 Christi
557 1947 722 2024 fidelibus,
741 1946 987 2025 urebs'ephoopn,
1008 1946 1154 2023 episeopis
1182 1959 1217 2004 et
1241 1948 1409 2019 abbaudus,

311 2034 506 2116 primoribus,
530 2036 720 2112 praepositui,
747 2032 881 2102 decanis,
902 2032 1082 2111 caeterisque
1102 2030 1313 2092 ecclesianam
1327 2054 1408 2113 prae·

315 2123 386 2180 lutis
408 2121 666 2198 ecolesmatiohque
680 2120 830 2196 personis,
858 2115 1031 2185 harunibm,
1057 2115 1229 2188 muudus,
1259 2122 1408 2177 mmuh

315 2208 455 2286 omnique
470 2205 586 2283 populo
610 2204 787 2263 chrumno.
833 2211 922 2282 atque
943 2200 1050 2259 eadem
1069 2198 1147 2259 haec
1168 2217 1407 2281 repraesentat:

211 2348 217 2353 ,
315 2293 406 2348 etiam
429 2295 461 2348 in
481 2290 646 2348 Annalibus
662 2285 816 2348 Godofridi
834 2284 991 2360 monachi,
1012 2305 1067 2343 cen
1081 2288 1176 2345 mhsa
1192 2287 1315 2349 Adolfo
1330 2292 1405 2350 cote-

314 2377 412 2432 niensi
423 2372 655 2454 archiepiscopo.
699 2374 850 2432 conferant
863 2372 971 2451 quihus
983 2373 1078 2430 otium
1091 2382 1122 2428 et
1134 2372 1246 2431 lubido
1261 2388 1328 2449 est,
1348 2396 1404 2434 usu-

313 2468 426 2538 tnaque
456 2478 547 2537 opera
572 2478 639 2517 eam
668 2462 832 2517 matituant.
874 2457 984 2534 legitur
1003 2454 1117 2512 ibidem
1139 2467 1169 2514 et
1194 2459 1261 2516 alia
1282 2460 1402 2539 apicula

312 2540 900 2700 ilih.¹¹ill¹.⁰1l2,(1i”‡.{n‘¹”b¹iliii
920 2542 1022 2684 {stt
1041 2541 1267 2705 ᾟέἑιῖῗὲἷ
1288 2549 1401 2708 33:

311 2716 338 2770 si
356 2712 455 2786 voles,
483 2709 593 2768 adhibe
614 2710 802 2768 Guutherum
822 2708 1002 2768 monachum
1020 2711 1157 2768 coenobii
1174 2714 1352 2773 Parisiusis
1369 2715 1398 2769 in

310 2797 440 2870 hisatio,
463 2799 516 2875 qui
530 2793 686 2853 historiam
701 2793 779 2853 hanc
795 2807 898 2875 captae
914 2796 1039 2874 Cpoleos
1055 2815 1094 2852 ex
1109 2816 1162 2854 ore
1175 2798 1310 2858 Martini
1320 2798 1401 2856 ahba-

311 2884 430 2956 ticeni,
453 2882 505 2961 qui
525 2883 740 2959 expugnationi
764 2892 794 2939 et
815 2883 955 2939 victoriae
975 2881 1126 2953 interfuit,
1152 2881 1228 2940 fuse
1247 2883 1403 2964 descripsit,

312 2965 424 3026 editam
441 2986 536 3045 nuper
555 2986 596 3024 ex
613 2966 796 3025 membranis
809 2968 846 3024 ab
859 2968 985 3023 Haurioo
999 2967 1116 3024 canisio
1130 2968 1333 3050 Noviomago
1343 2973 1367 3028 l.
1376 2969 1405 3026 C.

312 3054 461 3132 Antiquae
474 3053 608 3111 lectionis
623 3063 704 3110 tomo
718 3051 738 3115 5
755 3062 831 3130 part.
846 3056 877 3113 2.
919 3051 1041 3110 Dones.

396 3157 428 3215 p.
449 3139 469 3199 6
494 3157 523 3195 r.
541 3140 572 3201 9.
616 3132 717 3217 φυγήν
743 3158 775 3198 τε
803 3129 1068 3216 μηχανησάμενος]
1097 3134 1234 3196 Alexins
1263 3137 1407 3198 oba-sut

311 3224 417 3280 lsaaoii
429 3222 507 3280 filius
522 3221 559 3279 ab
575 3223 683 3279 Alexio
694 3230 800 3300 patruo
814 3241 830 3278 a
844 3219 977 3278 custodia
992 3218 1133 3293 eductus,
1157 3221 1311 3283 libertate
1329 3236 1359 3284 et
1373 3224 1407 3281 li-

312 3309 409 3364 centia
423 3316 519 3380 utens,
541 3304 687 3387 quidquid
700 3308 786 3364 aliter
798 3316 895 3363 narret
905 3304 1038 3363 Blondus
1046 3302 1160 3363 Decad.
1173 3311 1197 3371 2
1210 3307 1271 3366 lib.
1286 3315 1320 3385 2,
1341 3310 1407 3369 Ale-

310 3394 398 3453 xium
418 3400 518 3449 contra
538 3401 779 3470 protostratoram
797 3393 947 3449 exiturum
961 3389 1001 3448 ad
1014 3392 1250 3449 Democraniam
1262 3399 1407 3476 sequitur.

212 3529 214 3533 .
310 3477 352 3550 is,
373 3495 430 3533 nec
446 3475 594 3534 abnuente
613 3487 735 3556 patruo,
756 3495 824 3534 cum
844 3478 953 3534 Pisano
975 3473 1105 3556 quodam
1124 3473 1163 3533 de
1182 3476 1264 3555 fuga
1288 3482 1408 3539 consili

308 3562 400 3636 inito,
429 3559 481 3617 ubi
506 3560 668 3639 navigandi
690 3563 938 3640 opportunitatem
959 3569 1121 3639 captasset,
1150 3557 1191 3618 ad
1216 3564 1408 3645 Hellesponti

308 3646 469 3704 Auloniam
489 3643 599 3720 fertur,
623 3657 653 3703 et
671 3644 802 3725 Athyr-ae
825 3664 1010 3704 coamnorans
1033 3665 1086 3724 per
1103 3642 1253 3723 scapham
1269 3646 1409 3709 narissd

306 3748 416 3789 navem
430 3727 574 3809 grandem
586 3728 766 3810 pervehitur.
798 3741 920 3790 conatus
934 3733 966 3788 in
979 3750 1014 3788 eo
1028 3727 1172 3809 capiendo
1184 3732 1301 3792 Alexii
1313 3736 1410 3815 patrui

307 3815 416 3874 frustra
430 3835 534 3874 omnes
544 3815 646 3874 fuere:
668 3835 738 3873 uam
752 3816 804 3874 ille
819 3835 904 3875 corna
916 3819 947 3873 in
961 3816 1063 3874 orbem
1076 3833 1141 3873 rasa
1152 3825 1182 3871 et
1192 3816 1315 3878 Latina
1330 3831 1409 3878 veste

307 3898 428 3974 induta,
452 3911 482 3958 et
494 3903 526 3957 in
539 3901 624 3958 turba
636 3920 746 3978 magna
765 3902 940 3974 obversam,
961 3900 1151 3982 inquisitores
1172 3900 1280 3959 latuit.
1329 3902 1409 3963 cho-

305 3988 387 4044 niata
410 3987 442 4041 in
462 3986 571 4043 Alexio
592 3989 743 4044 Comueuo
763 3987 817 4044 lib.
841 3991 859 4052 3
883 4006 913 4065 p.
934 3987 996 4050 710
1019 3990 1068 4050 12.
1110 3984 1216 4043 Alexii
1243 3988 1283 4045 in
1308 4000 1410 4047 centn-

305 4067 416 4129 dlendo
439 4072 550 4129 lsaaoio
574 4071 665 4130 fratre
686 4082 843 4130 excaecato
866 4071 1081 4150 negligentiam
1098 4089 1160 4129 non
1178 4071 1249 4128 sine
1267 4074 1409 4151 pertento

302 4165 396 4214 notat.
439 4155 514 4235 quid
540 4174 611 4234 ergo
638 4166 767 4234 nugatur
791 4156 925 4214 Blandus
950 4158 1061 4214 ilistor.
1085 4152 1189 4213 decad.
1210 4159 1232 4217 2
1250 4156 1342 4218 libro
1365 4154 1409 4222 §l

292 4236 395 4313 frater
407 4250 473 4297 erut
482 4238 625 4311 Alexini,
645 4252 741 4298 aetate
755 4244 863 4311 mirvot,
890 4261 959 4299 cnm
972 4262 1031 4320 qno
1048 4238 1317 4318 indulgendum
1331 4263 1411 4321 ogo·

298 4318 362 4387 1¹0⁸»
382 4322 456 4377 adw
478 4333 513 4378 td
529 4325 610 4385 nihil
625 4325 685 4383 eibi
703 4325 748 4384 ad
758 4346 907 4385 numnam
922 4327 1187 4386 adunabo-anona
1191 4338 1330 4401 praeter
1343 4331 1408 4385 in-
