2994 4826
263 327 312 397 8‘2
560 296 846 377 CONSTANTINI
870 285 1070 362 missu

421 482 530 572 Τούτῳ
545 485 639 562 συνῆν
654 470 837 546 διδάσκαλος
846 456 1059 544 Ἀλεξανδρεύς
1072 452 1108 520 τδ
1123 449 1217 538 γίνος,

368 594 424 678 τὴν
438 597 544 673 κλῆσιν
551 578 779 666 Ἀθηνόδωρος,
808 569 909 653 πάσης
923 566 1036 651 σοφίας
1049 553 1177 640 πλήρης,

370 699 421 763 καὶ
435 690 567 781 τρόπους
580 680 763 756 ἱκανώτατος
779 675 935 764 ῥυθμίζειν
951 668 1001 732 καὶ
1014 657 1177 728 παιδεύειν.

372 791 461 875 οὗτος
474 785 719 881 ίρωτοκρύτητον
731 780 785 847 τδν
797 778 942 859 Καίσαρα
956 765 1111 856 γινώσκων

272 908 354 973 1875
373 898 471 968 καὶτὸ
484 897 540 981 μίν
555 893 626 959 ὅλον
641 882 793 975 πορνικύν,Ι
814 880 849 946 τδ
862 878 895 943 δε“
908 879 967 941 τῶν
980 870 1081 936 ἄλλων
1089 873 1203 950 χεῖρον,

174 1019 196 1070 Ρ
211 1016 245 1072 59
373 1007 552 1094 δρεκτιιῖνντα
568 998 716 1082 γυναικῶν
733 981 879 1071 ἀνδράσιν
893 975 1084 1061 ἐζευγμένων,

375 1109 426 1175 καὶ
442 1102 513 1181 τοὺς
529 1096 681 1183 ύμύζυγας
695 1092 795 1159 αὐτῶν
808 1084 963 1171 ὑπηρετεῖν
980 1082 1023 1164 τῷ
1037 1071 1130 1157 μύσει

376 1212 558 1281 δεσποτικῶς
573 1195 800 1287 προστάττοντα
814 1191 865 1254 καὶ
881 1176 1152 1270 τυραννικωτίρως,

376 1306 500 1397 ἀπάγειν
523 1312 628 1373 τούτου
642 1300 767 1366 ἔσπευδε
780 1300 834 1376 τῆς
848 1287 962 1369 λύσσης
972 1288 1026 1365 τῆς
1040 1284 1095 1344 τοῦ
1106 1271 1239 1348 πάθους.

286 1428 371 1497 1880
386 1419 446 1484 luel
468 1410 505 1477 δ”
519 1409 554 1475 ού
568 1406 739 1491 μετετίθετο
755 1399 877 1478 Καῖσαρ
891 1396 946 1456 τοῦ
960 1381 1080 1476 φαύλου
1095 1379 1176 1462 βίου,

380 1519 397 1588 ὁ
413 1512 597 1597 θαυμαστὸς
615 1501 794 1588 καθηγητὴς
807 1489 943 1563 τοιοῦτόν
958 1516 987 1556 τι
999 1490 1148 1569 τεχνᾶται.

380 1623 455 1690 ἰδὼν
470 1611 695 1704 ὀλοφυρόμενον
712 1605 877 1688 ἄνθρωπον
890 1598 941 1660 καὶ
953 1594 1130 1678 θρηνοῦντα

380 1732 441 1793 τῶν
455 1727 510 1804 τῆς
524 1712 692 1801 συγκλήτου
708 1709 759 1773 καὶ
774 1706 923 1788 λαμπρῶν
936 1697 987 1761 καὶ
1000 1697 1060 1758 τῶν
1074 1677 1294 1768 εύτυχεστίρων

383 1829 447 1907 (καὶ
460 1825 520 1910 γὰρ
542 1820 625 1904 αύτῷ
642 1810 845 1900 προστέτακτο
860 1802 973 1891 φορείῳ
987 1791 1163 1874 καταστέγῳ

282 1934 363 2006 1885
376 1933 431 2015 τὴν
446 1923 578 2014 γαμετὴν
591 1918 804 2004 ίγκλείσασθαι
818 1908 925 1992 καὶτῷ
939 1902 1100 1986 κρατούντι
1115 1883 1252 1972 πίμψαι)

240 2059 265 2113 Β
384 2034 591 2118 παρεγγυᾶται
605 2021 648 2105 μὴ
667 2022 788 2083 πενθεῖν
799 2009 879 2094 μηδὲ
891 2003 1012 2091 βαρέως
1028 1996 1142 2086 φέρειν,
1168 2060 1170 2064 ,

385 2134 477 2202 αὐτὸν
491 2134 509 2195 δ
514 2130 523 2155 '
538 2128 603 2194 ἀντί
618 2130 672 2207 τῆς
686 2115 827 2206 γιναικδς
837 2114 986 2195 ε’γκλεΐσαι
1001 2107 1045 2189 τῷ
1059 2095 1173 2187 φὸρείῳ

387 2239 438 2303 καὶ
453 2238 568 2300 στεῖλαι
584 2227 660 2314 πρὸς
671 2224 725 2290 τὸν
737 2220 898 2301 Καίσαρα·
923 2214 1012 2275 τοῦτο
1026 2202 1085 2289 γὰρ
1101 2200 1170 2264 δίον
1185 2187 1273 2257 εἶναι.

387 2340 436 2403 καὶ
453 2333 542 2418 μύλις
554 2330 624 2413 με’ν,
650 2326 812 2407 συμπείθει
825 2316 858 2382 δ’
874 2303 938 2380 ούν.
987 2309 1055 2373 τίνα
1069 2302 1110 2369 τὰ
1123 2296 1202 2385 μετὰ
1215 2297 1332 2369 τοῦτος

288 2447 369 2510 1890
383 2440 502 2505 εἴσεισιν
509 2426 736 2512 Ἀθηνόδωρος,
762 2422 864 2487 είσεισι
879 2418 967 2504 ξίφος
980 2409 1091 2498 φίρων.

389 2542 536 2621 πίμπεται
550 2530 627 2615 πρὸς
642 2528 694 2593 τὸν
711 2527 856 2608 Καίσαρα
871 2514 1054 2601 σημειωθεὶς
1073 2502 1233 2595 σφραγῖδι.

392 2639 409 2706 ὃ
424 2642 546 2719 Καῖσαρ
559 2629 756 2712 ύποδίχεται,
785 2621 909 2711 ῥήγνυσι
923 2617 980 2693 τὰς
993 2612 1179 2702 σφραγῖδας.

392 2744 498 2821 ἔξεισιν
508 2731 721 2817 Ἀθηνόδωρος
735 2727 770 2794 τὸ
786 2729 874 2812 ξίφος
887 2720 1033 2788 ἐπισείων.

393 2849 560 2927 θαμβεῖται
577 2837 699 2922 Καῖσαρ
716 2825 848 2895 κατιδών
856 2872 867 2907 ,
887 2822 1006 2915 τῷδέει
1023 2814 1281 2907 κρυσταλλούται.

365 3003 477 3074 uiues
494 2996 592 3070 πράξει
607 2998 634 3051 u
735 2991 803 3047 1888
825 2980 897 3043 εἶναι
915 2979 982 3038 δέον
995 2979 1044 3036 AR
1149 2970 1218 3026 1889
1232 2962 1329 3020 ταῦτα
1347 2958 1402 3013 uu

362 3143 486 3197 Habebat
501 3139 570 3191 idam
587 3135 686 3187 Caesar
700 3128 849 3197 magistram
862 3120 990 3192 quendam
1006 3131 1109 3180 samm,
1127 3101 1338 3164 Alexandrinum
1372 3111 1402 3148 a·

295 3214 362 3281 tria,
385 3210 488 3265 nomine
509 3203 719 3265 Athenodorum,
738 3196 807 3250 omni
827 3189 958 3260 sapientia
979 3193 1007 3239 et
1026 3182 1148 3237 doctrina
1168 3172 1320 3233 excultum,
1356 3181 1402 3217 or-

296 3284 498 3346 mandorumqua
513 3290 610 3328 morum
626 3270 703 3338 longe
718 3262 912 3348 peritissimum.
948 3254 991 3308 hic
1010 3270 1068 3306 cum
1083 3246 1311 3303 animadverteret
1328 3236 1403 3288 cse-

298 3369 383 3406 saram
394 3350 423 3400 in
437 3345 559 3398 libidines
573 3347 601 3393 et
618 3344 791 3391 soortsttoucs
814 3341 971 3398 propensum
989 3338 1064 3388 essa,
1081 3336 1113 3372 aa
1130 3310 1290 3385 praesertim
1304 3306 1335 3359 in
1351 3320 1403 3373 pc-

297 3420 351 3473 iori
362 3417 531 3484 delinquere,
548 3409 619 3479 qaod
631 3404 751 3458 mulieres
772 3398 904 3451 maritatas
922 3398 1078 3460 appeteret,
1102 3398 1245 3452 earumque
1271 3375 1407 3441 coniuges

299 3494 408 3554 cogeret
423 3493 452 3536 ut
467 3482 528 3533 huic
548 3476 667 3545 improbo
683 3466 796 3523 facinori
814 3460 1007 3525 subservirent,
1029 3474 1082 3510 non
1096 3452 1220 3507 herilitar
1243 3448 1284 3500 eis
1300 3452 1410 3497 uncum

299 3556 430 3622 imperans
445 3550 492 3603 scd
508 3546 586 3600 etiam
605 3559 677 3595 more
697 3533 849 3604 tyrannico,
871 3537 942 3582 totus
959 3526 987 3579 in
1007 3526 1058 3579 hoc
1080 3531 1140 3577 orat
1157 3530 1188 3573 ut
1202 3520 1355 3584 Augustum
1371 3510 1411 3563 ab

301 3622 436 3675 solutore
454 3617 570 3683 vitioque
585 3614 730 3663 revocarat.
766 3618 823 3654 oum
838 3607 924 3651 autem
942 3596 1041 3647 Caesar
1060 3592 1142 3644 vitam
1163 3587 1323 3642 sceleratam
1340 3580 1413 3634 mis-

302 3705 357 3742 sam
371 3703 422 3738 non
432 3685 541 3747 iaceret,
558 3673 703 3733 admirandi
713 3678 870 3741 praeceptor
883 3663 984 3731 ingenii
999 3661 1123 3731 quiddam
1134 3658 1187 3712 tale
1196 3654 1315 3707 molium.
1333 3651 1414 3702 forte

301 3755 445 3824 plorantem
461 3769 493 3802 ac
509 3750 689 3802 lamentantem
712 3737 893 3806 conspiciebat
906 3731 1035 3784 hominem
1052 3727 1233 3789 sanatorium,
1255 3722 1332 3777 lauta
1349 3722 1415 3772 lor-

303 3833 381 3886 tona‚
398 3819 503 3887 clarum.
538 3816 636 3884 quippe
650 3810 796 3864 mandatum
818 3804 949 3857 siluerat
969 3798 1045 3852 utin
1065 3806 1160 3866 operta
1180 3792 1280 3845 lectica
1297 3788 1416 3842 conclu-

303 3904 359 3941 sam
377 3902 483 3966 uxoram
503 3880 654 3951 imperatori
675 3879 799 3930 mitteret.
835 3888 893 3924 eum
911 3866 1095 3920 Athenodorus
1112 3861 1215 3916 hortari
1235 3857 1420 3927 deploraret

303 3970 372 4006 nove
384 3969 439 4004 ram
449 3949 517 4002 illam
533 3964 612 4015 aegro
631 3946 716 3999 ferret
731 3942 832 3995 anionot
852 3957 883 3991 se
895 3943 996 4003 tantum
1012 3932 1102 3986 uxoris
1115 3932 1174 3985 loco
1191 3929 1305 3983 lecticae
1321 3925 1418 3979 iuclu-

304 4021 381 4072 derat
397 4016 556 4084 Caesarique
580 4031 628 4083 pro
650 4014 707 4065 eius
729 4007 839 4061 imario
859 4004 985 4058 mitteret.
1020 4001 1068 4053 vix
1089 4001 1141 4053 hoc
1165 3999 1274 4070 quidem
1295 3995 1409 4049 homini

304 4087 353 4141 sed
366 4094 453 4164 tomen
468 4082 618 4151 persuadet.
652 4077 716 4158 quid
730 4026 794 4129 incid
808 4071 928 4126 factumi
948 4070 1068 4122 lecticsm
1082 4069 1271 4121 Athenodorus
1285 4036 1421 4133 ingredi-⁹

303 4160 349 4231 tur
364 4149 475 4229 gladium
484 4158 605 4227 ‚laneum
624 4142 710 4212 sigillo
726 4143 877 4208 obsignatus
899 4138 932 4191 ad
947 4139 1089 4190 Caesarem
1100 4137 1231 4199 mittitur3
1249 4135 1360 4186 caeru
1375 4132 1420 4186 10.

299 4226 396 4285 ¹atroam
409 4223 519 4282 compat,
532 4211 617 4279 sigilla
630 4208 751 4271 revellit3
769 4208 825 4260 anit
840 4206 1025 4259 Athenodorus
1042 4203 1158 4275 gladium
1176 4202 1320 4273 quatiens·
1341 4204 1422 4256 Cas·
1491 4184 1492 4193 λ

302 4300 347 4341 sur
360 4298 392 4335 eo
409 4288 549 4348 conspecto
564 4294 616 4331 uon
629 4286 728 4331 tautum
746 4273 918 4344 obstupescit,
932 4287 1025 4326 verum
1042 4272 1123 4328 etiam
1138 4281 1212 4328 matu
1229 4239 1423 4342 congelascit:
1491 4304 1492 4309 =
