2934 4838
270 324 275 333 ’
326 324 401 397 228
724 321 771 389 IN
796 321 1026 390 GEORGlUli

410 512 440 569 p·
460 491 498 552 19
513 508 542 546 r.
558 492 588 552 2.
632 488 780 565 Gregoras
794 506 826 568 p.
839 493 881 552 20
905 490 955 551 13.
999 491 1080 546 Ass.

410 574 450 631 ib.
459 594 486 629 r.
496 575 548 638 15.
579 571 631 634 καὶ
645 573 678 634 οἱ
690 568 856 652 οἶφνηόὀν]
870 573 1020 652 Gregorss
1033 584 1133 630 tamen
1144 572 1219 649 pat
1234 573 1369 648 laitnpn

326 661 433 719 sultnni
447 668 618 736 amputasse
630 655 835 731 Theodorum,
856 656 950 737 idque
964 656 1055 716 hasta
1071 660 1105 715 in
1119 656 1208 714 altum
1218 656 1315 713 elatum
1322 655 1370 710 bu·

323 748 401 804 baris
412 744 594 802 exercitibus
609 742 785 802 ostendisse.
826 745 904 802 Ans.
1413 804 1414 807 Ἴ

404 828 447 886 ib.
467 848 498 886 v.
514 831 565 890 19.
607 832 697 891 τοῦτο
718 834 782 902 τοῖς
802 825 972 906 Ῥωμαίοις]
995 829 1194 908 Gregorssp·
1209 823 1284 888 att.
1314 826 1369 881 su
1413 820 1414 853 ¹

408 913 451 972 ib.
468 933 499 970 v.
514 917 566 977 22·
606 908 806 993 προσελάβετο
822 910 874 993 δὲ]
896 915 1046 991 Gregom
1061 935 1095 993 p·
1109 918 1149 976 21
1175 913 1222 975 15.
1257 913 1315 967 Aua

408 1020 440 1078 p.
457 1002 499 1062 20
512 1019 542 1056 v·
558 1001 590 1060 2.
632 991 842 1077 Erippoosiep]
864 1008 929 1055 erat
939 1001 1020 1057 virili
1033 1002 1142 1057 animo
1155 997 1267 1068 mulier,
1281 995 1309 1050 ab
1319 995 1368 1069 ipsa

251 1118 256 1129 ‚
320 1093 429 1143 natura
450 1081 568 1142 dicendi
587 1086 733 1141 suavitate
753 1094 783 1141 et
801 1083 903 1161 lepore
916 1094 1038 1158 ornata,
1070 1082 1114 1142 ad
1126 1080 1366 1161 praesentiamtim

322 1166 556 1233 adrnmisuanda
577 1178 607 1225 et
629 1166 667 1226 ad
687 1168 786 1226 futura
806 1165 989 1246 providenda
1003 1170 1222 1239 solertissima,
1245 1162 1365 1223 numu

323 1259 474 1314 teterrima
491 1253 600 1333 pestis:
629 1263 747 1331 praeter
775 1255 857 1310 enim
881 1256 1071 1333 exquisitum
1094 1264 1233 1312 ornatum
1254 1261 1278 1308 et
1292 1249 1363 1304 inm

324 1342 456 1418 regium,
485 1348 515 1395 et
533 1339 566 1395 iu
587 1337 732 1397 mutando
746 1349 863 1416 recepto
875 1349 955 1396 statu
969 1349 999 1397 at
1012 1340 1106 1397 rebus
1120 1334 1275 1409 novandis,
1295 1331 1364 1412 mim

322 1427 462 1483 maritum
480 1423 654 1501 superabat,
680 1426 801 1502 ingenio
818 1422 1023 1502 impudicitiae
1042 1424 1158 1502 probro
1182 1432 1265 1502 atque
1282 1418 1363 1475 micuit

322 1512 462 1585 maritum
480 1504 704 1566 dehonestabat.
745 1506 819 1566 haee
835 1511 937 1588 itaque
956 1492 1071 1567 limites
1094 1508 1260 1567 transiliens
1276 1513 1365 1579 etmpr

322 1598 433 1653 riorum
448 1596 652 1670 Angustamm
664 1595 798 1651 instituta
813 1604 1005 1652 contemnens
1019 1597 1185 1672 imperium
1194 1595 1225 1649 in
1238 1590 1301 1648 dms
1313 1589 1368 1664 piss-

323 1682 436 1758 cipatus
446 1676 562 1736 divisit:
577 1698 674 1758 neque
687 1681 769 1735 annu
777 1680 939 1757 imperator
952 1677 1104 1758 quidquid
1118 1687 1183 1736 erat
1196 1678 1368 1734 tiburnam

322 1763 426 1835 dabat,
456 1762 511 1822 sed
525 1764 578 1820 illa
591 1767 680 1823 etiam
694 1767 759 1842 pari
772 1765 944 1821 auctoritate
959 1783 1037 1842 quae
1054 1767 1124 1823 visa
1142 1772 1225 1820 erant
1240 1756 1369 1840 pangoria,

321 1851 382 1909 imo
395 1846 554 1929 aliquando
567 1868 621 1926 pro
635 1868 689 1906 sua
701 1845 826 1907 libidine
837 1849 919 1907 illius
930 1850 1017 1907 iussis
1026 1846 1240 1907 intercedebat.
1276 1843 1369 1916 integr

322 1936 453 1994 tionibus
465 1931 620 1993 audiendis
632 1931 691 1991 duo
706 1935 834 2013 pretiosa
848 1934 924 1992 solia
939 1934 1208 2012 coniungebentnr,
1229 1939 1256 1988 et
1270 1929 1312 1986 ilia
1322 1942 1368 1982 ut·

321 2024 379 2079 rito
393 2040 464 2078 cum
476 2038 587 2096 magno
606 2016 763 2097 splendore
778 2037 814 2076 ao
826 2019 906 2097 pileo
917 2021 1047 2096 gemmis
1061 2029 1093 2076 et
1109 2019 1269 2098 perspicuis
1280 2026 1368 2085 merga
1413 2056 1414 2105 ,

320 2108 385 2163 ritis
399 2113 501 2163 ornato
522 2101 688 2178 assidebat,
718 2113 749 2161 et
760 2115 881 2182 torques
896 2105 1130 2181 pretiosissimos
1143 2101 1181 2160 de
1194 2101 1264 2159 collo
1274 2112 1368 2173 stupea

320 2186 419 2247 debat.
455 2186 616 2269 aliqnando
632 2192 723 2247 etiam
737 2191 768 2249 in
783 2188 850 2247 aliis
862 2190 981 2267 palatiis
994 2192 1126 2247 seiuncti
1140 2207 1194 2268 per
1207 2188 1277 2244 vim
1288 2179 1368 2237 adm·

209 2262 213 2271 ’
318 2273 442 2346 bantur,
472 2274 599 2331 subditis
619 2275 656 2331 ab
674 2277 850 2353 imperatore
864 2271 904 2330 ad
918 2275 1004 2332 illam
1018 2273 1211 2332 mlutandam
1226 2263 1368 2327 cumeani·

317 2356 373 2415 bns
395 2367 426 2413 et
443 2375 543 2433 genua
555 2358 732 2418 submissius
746 2358 940 2417 flectentibus.
983 2360 1101 2417 nonnulli
1116 2361 1210 2417 etiam
1221 2348 1366 2431 impertisti⁸

318 2445 546 2519 subsanguinei,
580 2446 632 2522 qui
653 2463 787 2502 summos
807 2445 997 2521 magistratus
1017 2443 1183 2522 gerebant,
1213 2432 1363 2517 imperatrici!

316 2525 490 2603 splendidas
504 2538 533 2585 et
545 2527 621 2587 uitas
635 2527 757 2587 lecticas
771 2538 917 2609 tanquam
929 2531 1078 2608 mancipia
1092 2527 1240 2609 subibant·
1260 2539 1293 2580 er
1302 2513 1361 2575 cto»

315 2612 396 2668 niata
409 2612 441 2667 in
452 2611 563 2669 Alexio
575 2613 727 2671 comneno
741 2613 793 2670 lib.
811 2619 840 2676 1.
881 2615 959 2672 Ass.

397 2693 437 2751 to.
458 2715 485 2751 r.
503 2696 534 2757 5.
576 2699 630 2755 τοῦ
645 2701 698 2774 τῆς
714 2697 948 2778 Παφλαγονίας]
968 2695 1037 2756 ride
1051 2717 1145 2777 supra
1164 2704 1225 2764 ai·
1254 2694 1314 2750 3¹⁶2·

397 2777 438 2835 ib.
456 2799 485 2835 r·
503 2780 552 2842 11·
594 2771 739 2842 Ἰσαοκίου
754 2785 810 2843 τοῦ
818 2781 1059 2862 Knvoruvsivov]
1073 2781 1134 2858 hic,
1148 2785 1271 2843 demon
1277 2788 1360 2839 mie·

313 2864 556 2942 Belaeilngariae
568 2868 646 2943 regis
658 2866 750 2934 filiam
763 2866 899 2926 noudum
913 2888 1006 2927 annos
1017 2866 1122 2927 decem
1135 2882 1236 2941 natam
1245 2860 1363 2943 Pit-‘¹⁰8¹'

314 2960 360 3015 tos
376 2951 477 3011 ambit.
520 2961 655 3029 sumptus
667 2954 853 3031 nuptiamm,
879 2972 918 3012 ne
937 2953 1001 3013 fisci
1021 2957 1149 3031 pecnnia
1170 2958 1203 3015 in
1215 2941 1364 3011 sinilioelt·

312 3035 421 3095 britate
431 3039 629 3111 minueretur,
657 3037 694 3096 ab
715 3039 837 3103 urbibus
855 3049 886 3096 et
902 3041 1062 3117 provinciis
1078 3038 1199 3098 affatim
1215 3036 1310 3113 exigit:
1326 3020 1365 3085 “l

312 3118 458 3179 Anchiale
480 3120 620 3179 finitimas
640 3126 814 3200 praesertim
836 3123 945 3181 afflixit
968 3134 999 3182 et
1012 3125 1121 3182 Haemi
1140 3125 1251 3183 montis
1268 3113 1365 3177 acwlss.
1413 3126 1414 3141 ¹

313 3205 346 3267 οἳ
361 3204 467 3267 Μυσο1
479 3201 620 3286 πρότερον
634 3201 833 3285 daemona,
855 3206 925 3271 νυνὶ
941 3204 974 3269 dl
987 3202 1099 3287 Βλοὶχοο
1110 3207 1321 3288 κικλήσκονται.
1337 3198 1365 3253 ¹3¹
1413 3258 1414 3263 ,

313 3287 469 3349 Choniata.
513 3288 546 3348 bi
566 3293 646 3369 prius
668 3295 759 3350 etiam
779 3295 920 3353 Romanis
938 3293 1066 3368 infensi,
1094 3312 1150 3371 per
1167 3310 1282 3353 causam
1293 3286 1365 3344 tbtffl
1413 3348 1414 3351 ,

311 3378 427 3452 pecoris
444 3385 474 3432 et
488 3376 562 3434 elias
575 3378 746 3436 vexationes
759 3387 860 3457 aperte
873 3375 1023 3435 deliciunt.
1067 3387 1203 3437 auctores
1223 3369 1367 3436 defectioni⁸
1413 3398 1414 3403 ¹

312 3459 396 3519 fuere
414 3461 519 3518 Petrus
539 3470 569 3517 et
584 3461 699 3520 Alanus
715 3464 833 3541 fratres.
873 3482 913 3521 ne
929 3472 1029 3521 tamen
1042 3465 1107 3521 sine
1128 3482 1218 3523 causa
1237 3481 1282 3521 res
1297 3468 1368 3515 noras

311 3545 411 3602 moliri
424 3542 611 3621 viderentur,
633 3545 713 3625 apud
727 3550 887 3628 (inpressos
900 3550 1111 3626 imperatorem
1123 3547 1251 3624 adeunt,
1272 3546 1367 3621 rogati·

311 3646 370 3708 que
397 3638 431 3687 ut
457 3630 625 3706 legionibus
651 3635 791 3696 Romanis
814 3643 1033 3708 aversarentur,
1061 3644 1092 3691 at
1113 3632 1269 3711 praedium
1288 3622 1366 3702 enigul

310 3711 422 3772 reditus
435 3716 468 3772 in
483 3717 596 3772 Haemo
612 3728 712 3775 monte
725 3718 783 3775 sibi
797 3720 1004 3796 assignaretur.
1038 3737 1078 3775 re
1092 3737 1153 3776 non
1168 3721 1328 3797 impetrata,
1344 3714 1367 3764 ¹¹¹

309 3802 483 3878 contempti,
504 3798 701 3859 defectionem
713 3801 837 3860 domum
850 3804 960 3861 reversi
973 3803 1140 3875 minantur,
1163 3813 1193 3861 et
1206 3802 1366 3882 potissimum

307 3884 426 3942 Asunus
448 3881 539 3943 homo
559 3884 712 3961 audacior,
744 3889 797 3967 qui
819 3906 855 3945 oo
876 3889 941 3966 ipso
963 3896 1097 3965 tempore
1116 3888 1155 3945 ob
1175 3885 1366 3967 impudentiam

308 3969 428 4026 loannis
448 3969 687 4031 sebastocratoris
704 3973 788 4031 iussu
808 3969 941 4051 colaphis
959 3972 1144 4050 impingitur.
1196 3967 1364 4031 contumelias

308 4054 399 4111 etiam
417 4055 523 4112 irretiti
544 4050 681 4116 homines
699 4059 749 4115 isti
771 4058 879 4131 nefarii
897 4058 1106 4135 gravissimum
1124 4059 1158 4115 in
1172 4058 1315 4117 Romanos
1330 4053 1366 4107 it·

305 4136 446 4194 cendium
468 4140 655 4198 suscitarunt.
709 4141 831 4219 Balgari
853 4134 903 4217 ‘bei
929 4140 1102 4200 difficultate
1124 4144 1273 4220 perterriti
1290 4138 1321 4196 ab
1338 4149 1363 4188 ω

305 4230 412 4276 conatu
423 4219 630 4281 abhorrebant.
671 4222 741 4284 hinc
753 4227 867 4302 irenes,
879 4224 922 4291 viat
936 4226 1127 4306 popularibus
1143 4237 1258 4285 metum
1270 4223 1365 4283 adiut-

303 4310 385 4372 rant,
413 4302 467 4357 sub
480 4305 626 4364 Demetrii
636 4314 775 4389 martyris
790 4313 911 4372 nomine
925 4312 1072 4389 templum
1086 4308 1256 4386 aedificant,
1277 4313 1304 4367 in
1318 4318 1364 4384 (1³⁰
