2934 4838
326 340 334 347 '
391 333 695 403 tertorotlmt
717 333 870 401 NOTAE.
1104 336 1181 407 235

61 521 168 563 crum
182 501 394 561 miserabiliter
405 500 579 580 exspiravit.
600 496 676 559 haec
688 500 819 559 Nicetes.
841 500 896 559 alii
909 500 942 558 in
954 518 1070 561 carcere
1082 522 1183 562 mem-

62 590 196 647 bratim
211 585 372 646 hsmctum
389 583 527 659 tradunt,
549 582 631 666 quod
643 587 733 645 uxori
748 582 891 645 iohannis
905 590 985 665 regis
997 592 1183 649 matrimonii

64 675 262 752 imperiique
273 675 322 732 sni
339 672 538 747 consortium,
558 673 585 730 si
601 691 658 751 ope
674 673 739 730 eius
754 671 948 745 liberaretur,
971 673 1115 733 obtulisse
1130 695 1185 753 per

65 759 170 817 illam
187 777 344 835 procacem
367 758 568 837 reiectamqne
581 756 660 814 ialso
672 765 869 815 accusaretur.
912 755 1083 817 Matthaeus
1098 761 1185 820 Paris

65 862 142 902 non
156 843 322 921 bulgariae
331 844 485 920 reginam,
505 839 560 900 sed
571 841 706 921 puellam
717 839 871 922 quandam
882 842 1016 901 nobilem
1028 845 1121 904 fuisse
1135 844 1187 903 di·

68 930 140 1001 cit,
163 929 210 985 uti
225 927 307 986 inira
324 926 503 985 ridebimus.
546 927 656 1006 quibus
668 945 723 1006 pro
738 927 894 985 corollario
909 926 993 986 addit
1004 939 1108 987 noster
1121 933 1185 990 Lo-

69 1010 225 1092 gethem,
248 1011 332 1093 quod
345 1012 382 1070 ab
395 1013 462 1071 aliis
476 1013 722 1091 praetenuissum
737 1022 799 1087 est,
820 1012 981 1071 barbarum
996 1014 1087 1092 capiti
1101 1017 1185 1074 illins

70 1101 111 1156 in
143 1100 296 1157 conviviis
318 1096 463 1172 illusisse,
494 1099 593 1156 cranio
611 1094 752 1155 videlicet
769 1099 898 1156 maximi
916 1099 1061 1177 principis
1084 1101 1186 1177 poculi

72 1185 151 1243 sice
178 1182 319 1241 abusum.
359 1201 456 1264 neque
473 1190 575 1241 tamen
596 1179 656 1240 hcc
674 1183 776 1260 ipsum
795 1186 959 1261 categorica
978 1182 1120 1243 adstruit:
1143 1187 1186 1243 ait

74 1270 173 1327 enim
194 1264 238 1341 oio
255 1268 339 1346 pasl.
379 1278 532 1348 monaque
551 1277 654 1326 tamen
676 1264 783 1325 hocin
802 1267 939 1327 medium
954 1266 1186 1349 relinquendum

75 1354 145 1425 sit,
177 1349 216 1410 de
243 1372 316 1411 nece
338 1353 432 1431 ipsius
455 1349 596 1410 Balduini
610 1372 649 1411 ns
664 1348 816 1412 dubitatur
830 1352 964 1434 quidem.
1007 1352 1081 1434 quid
1093 1355 1186 1432 igitur

77 1438 149 1499 sibi
158 1437 264 1496 solunt
275 1438 322 1496 illi
335 1439 387 1520 qui
401 1456 472 1496 eum
485 1447 553 1516 post
564 1437 688 1516 longam
700 1440 972 1517 peregrinationem
982 1450 1013 1497 et
1026 1441 1185 1518 captivita-

78 1533 157 1582 tem
176 1541 290 1582 carcere
309 1522 451 1582 eductum
472 1525 616 1602 sospitem
628 1542 665 1581 ac
675 1523 856 1582 incolumem
868 1526 900 1582 in
916 1527 1044 1603 patriam
1061 1522 1186 1584 rediisse

79 1605 218 1668 volanti
258 1609 319 1668 scio
334 1616 485 1687 repertum
497 1608 590 1667 fuisse
603 1605 755 1688 quendam
766 1607 915 1669 Balduino
928 1629 990 1668 nou
1005 1611 1184 1685 absimilem,

82 1694 145 1774 qui
166 1711 200 1751 se
220 1696 430 1773 imperatorem
445 1704 475 1752 st
491 1694 630 1752 comitem
642 1691 800 1752 Flandriae
819 1696 1055 1774 Hannoniaeque
1072 1699 1186 1754 menti-

82 1787 183 1837 retur.
213 1779 310 1837 nullo
327 1797 459 1859 namque
480 1796 542 1837 non
560 1788 695 1858 tempora
712 1779 828 1837 inventi
846 1789 916 1836 sunt
932 1782 984 1859 qui
1001 1780 1105 1841 infimo
1118 1783 1187 1841 loco

84 1864 156 1922 nati
176 1861 334 1922 mendacio
351 1883 385 1922 se
405 1865 502 1922 conati
523 1873 593 1922 aunt
611 1865 783 1924 clarissimis
805 1866 936 1923 inserere
952 1864 1087 1923 familiis.¹
1128 1864 1188 1924 hoo
1244 1934 1246 1937 ⁸

87 1950 236 2027 exemplo
261 1947 569 2023 Pseudo-Balduini,
591 1951 661 2031 quia
685 1949 787 2008 nobile
808 1959 868 2023 est,
890 1968 951 2007 non
970 1949 1116 2027 gravabor
1126 1948 1189 2025 hic,

87 2043 197 2092 tamen
218 2035 274 2092 etsi
292 2034 383 2113 paulo
404 2035 590 2113 longiuscula
611 2037 650 2093 sit
671 2030 812 2109 historia,
833 2032 893 2092 fide
907 2045 1043 2092 veterum
1058 2032 1190 2093 chrono-

90 2115 276 2197 graphorum
287 2117 465 2178 adscribere.
496 2117 600 2178 darem
613 2120 745 2199 primum
757 2119 858 2177 locum
869 2119 992 2178 Alberto
1006 2120 1106 2178 abbati
1120 2120 1191 2178 Sta-

91 2202 197 2278 deusi,
219 2206 272 2284 qui
285 2206 361 2263 circa
375 2205 428 2263 illa
443 2215 576 2284 tempora
589 2206 678 2262 vixit.
696 2206 701 2229 ¹
720 2206 769 2262 cni
780 2202 952 2263 succederet
965 2203 1074 2264 deinde
1088 2203 1192 2264 Gade-

91 2286 192 2348 fridus
205 2289 308 2349 Sancd
320 2291 508 2350 Pantaleonis
522 2287 686 2348 monachus
698 2289 884 2348 Coloniensis
896 2291 929 2348 in
941 2287 1189 2370 diligentissimis,

94 2393 173 2454 quos
195 2393 292 2453 nuper
313 2373 486 2457 Marqnardi
505 2372 628 2434 Frcheri
648 2373 793 2433 beneficio
814 2377 1000 2454 accepimus,
1033 2376 1192 2436 annalibus

94 2460 153 2519 sub
169 2462 261 2537 gestis
276 2461 347 2516 anni
361 2460 452 2525 1225.
495 2479 615 2539 possem
626 2470 657 2518 et
669 2459 745 2518 ahos
759 2456 807 2519 his
820 2458 1000 2539 adiungere,
1022 2463 1191 2541 praeclaros

96 2542 221 2624 quidem
245 2552 276 2602 et
297 2543 355 2603 lide
380 2543 503 2624 dignos,
527 2543 582 2605 aed
602 2546 663 2604 stili
678 2545 802 2604 infaceti
818 2544 970 2607 homines.
1012 2544 1067 2607 se'd
1081 2544 1192 2607 horum

97 2627 235 2689 sordibus
247 2631 364 2690 cmhsia
378 2629 535 2689 audiamus
547 2633 646 2709 potius
659 2632 771 2690 saeculi
783 2634 878 2692 nostri

253 2715 365 2792 florem
380 2715 533 2774 audatiae
543 2716 655 2796 populi
668 2717 841 2797 suadaeque
856 2717 1036 2793 medullam,

99 2800 214 2858 lustum
235 2801 383 2879 hipsium.
423 2803 451 2861 is
469 2804 502 2860 in
521 2804 643 2861 Munitis
662 2812 693 2861 et
711 2805 859 2883 exemplis
876 2806 1005 2885 politicis
1022 2804 1112 2869 liat
1130 2800 1192 2868 c.6
1219 2804 1223 2817 ’

101 2887 221 2948 nnm.8
241 2904 305 2944 rem
322 2896 432 2945 namot.
473 2870 613 2945 nonnihil
634 2886 706 2946 fidei
728 2890 895 2947 tenebrioni
911 2892 962 2948 isti
982 2907 1017 2946 ac
1035 2889 1193 2967 impostori

102 2967 220 3028 dedisse
242 2968 361 3029 ridetur
380 2969 549 3032 Matthaeus
567 2973 670 3047 Paris,
692 2975 816 3051 scriptor
830 2974 895 3031 eius
906 2973 1064 3050 temporis,
1087 2974 1121 3030 in
1134 2974 1192 3028 Hi-

103 3056 193 3114 storia
209 3057 340 3130 maiore,
362 3053 634 3121 adanunm1224.
677 3054 755 3114 adde
771 3058 935 3114 auctarium
948 3058 1194 3135 Aquicinctinnm

103 3137 144 3197 ad
157 3140 303 3218 sigeberti
318 3143 542 3202 Gemblacensis
557 3139 742 3216 chronicon,
763 3159 860 3220 nuper
880 3139 917 3197 ab
937 3141 1070 3198 Auberto
1080 3142 1193 3198 blirseo

106 3227 245 3284 canonico
262 3228 473 3307 Autrerpiensi
492 3228 688 3307 publicatum.
731 3227 855 3286 lacobus
873 3226 1030 3305 bloyam,
1051 3222 1194 3283 Iohannis

105 3311 193 3389 lperii
214 3310 229 3390 (
236 3313 289 3392 qui
308 3331 387 3371 anuo
404 3312 484 3377 1294
498 3315 599 3372 virere
613 3309 720 3393 desiit)
741 3309 887 3373 Chronico
909 3311 1035 3390 aliisque
1054 3312 1196 3370 vetustis·

107 3396 188 3455 simis
203 3395 361 3456 Flsndriae
374 3401 576 3458 monumentis
590 3410 621 3457 et
634 3399 792 3457 annahbus
803 3398 955 3475 inspectis,
975 3396 1196 3475 interceptuma

108 3482 147 3540 sit
163 3479 328 3543 Baldninus
345 3486 378 3542 iu
398 3484 512 3563 praelio
529 3503 568 3541 an
586 3486 700 3543 occisus
711 3502 818 3562 parum
831 3491 965 3540 constare
978 3481 1096 3556 scribit,
1117 3500 1199 3539 nnn-

109 3585 197 3646 qoam
210 3566 335 3646 posthac
347 3570 514 3627 inventum.
536 3567 575 3628 de
590 3568 741 3627 nebulone
754 3564 938 3625 Balduinnm
951 3569 1115 3625 mentiente
1128 3563 1199 3625 ride

109 3653 204 3730 ipsum
225 3650 264 3710 ad
288 3655 512 3718 aunum1225·
554 3651 741 3714 Christianus
761 3656 913 3712 Masaaeus
936 3654 971 3711 in
992 3648 1139 3710 Chronico
1159 3649 1199 3709 ad

111 3754 219 3794 sunum
239 3742 316 3802 1201
339 3749 461 3817 captum
480 3738 676 3818 Adrianopoli
693 3741 905 3819 imperatorem
918 3737 956 3795 ab
971 3733 1149 3796 adversariis
1170 3747 1199 3796 et

112 3819 267 3881 abductum
280 3825 311 3881 in
326 3825 446 3903 Syriam
458 3823 560 3883 tradit.
602 3826 645 3883 ita
656 3826 773 3885 variant
786 3833 930 3887 auctores.
972 3822 1095 3882 Dcuss.

113 3992 137 4050 Α
189 3926 221 3987 p·
236 3905 278 3971 26
293 3927 324 3967 v.
344 3910 373 3973 1.
415 3909 448 3973 οἱ
465 3913 542 3993 γοῦν
562 3903 814 3990 duolesobissse]
842 3906 989 3967 Ghouiata
1008 3926 1041 3988 p.
1062 3903 1126 3971 814
1149 3909 1201 3971 11.

139 4009 184 4049 ar..

191 4074 233 4133 ib.
252 4095 283 4136 r.
298 4081 330 4141 2.
373 4082 462 4158 φῶτα
477 4058 729 4159 hto'aapertuum
744 4080 838 4159 possit
853 4075 966 4153 rideri,
990 4087 1020 4135 et
1036 4096 1053 4136 e
1068 4075 1202 4155 glossula

114 4163 144 4220 in
160 4171 332 4222 contextam
350 4165 522 4243 irrepsisse3
542 4168 627 4225 cuius
639 4167 806 4226 sententiae
820 4174 972 4224 auctorem
984 4159 1081 4221 habeo
1098 4163 1202 4219 Meur-

116 4248 204 4320 sinm,
223 4266 265 4304 ex
277 4250 362 4308 onim
374 4250 525 4310 Glossario
537 4249 629 4327 haec,
651 4271 728 4333 quas
740 4251 828 4309 unica
839 4247 900 4309 huo
912 4250 1042 4323 iaciant,
1060 4244 1202 4327 deprom-

117 4340 163 4411 pta
181 4342 268 4391 sunt:
295 4329 331 4400 sd
353 4329 494 4420 nauata
516 4357 607 4418 nass
652 4338 862 4399 Constantinus
880 4337 914 4395 in
932 4336 1080 4397 Tacticis:
1101 4331 1203 4396 θέλων
