2934 4838
67 1076 659 1196 THEODORI
726 1084 1158 1197 DOUSAE

580 1293 736 1356 ΕΤ,

61 1344 1193 1567 Luoutsluslurr

136 1618 203 1709 IN
238 1634 580 1713 GEORGIUM
613 1636 1080 1716 ACROPOLITAM
1119 1721 1123 1730 ,

391 1814 420 1880 u
495 1815 528 1881 o
601 1815 631 1881 r
704 1820 730 1883 a
805 1816 842 1881 a

61 2239 215 2344 Plurima
235 2272 287 2336 hio
307 2287 395 2355 sunt,
417 2274 562 2339 benevole
578 2276 687 2356 lector,
709 2298 778 2339 eum
791 2277 824 2336 in
836 2294 973 2339 bennone
986 2284 1051 2337 turn
1063 2275 1096 2334 iu
1109 2294 1158 2334 ar-

62 2370 211 2440 gumento
232 2361 318 2439 libri,
343 2382 420 2444 quae
436 2366 535 2424 virum
551 2367 643 2424 etiam
659 2358 743 2427 πάνυ
758 2364 863 2445 ἵστορα
878 2364 1020 2423 remorari
1032 2362 1156 2442 possint,

62 2466 103 2506 ex
122 2448 283 2528 utriusque
302 2448 445 2506 nimirum
464 2450 633 2509 insolentia.
676 2450 838 2510 insolentes
855 2451 887 2507 in
905 2468 1042 2507 sermone
1056 2466 1156 2522 voces,

61 2550 108 2590 rea
128 2532 300 2611 plurimum
322 2532 485 2593 abstrusae.
528 2533 711 2594 difficultatis
735 2534 817 2592 illius
837 2534 868 2591 in
887 2553 974 2593 causa
991 2541 1060 2591 suut
1077 2534 1156 2590 anti-

59 2617 174 2697 quitas,
200 2618 332 2692 novitas,
352 2621 559 2697 peregrinitas.
602 2638 678 2700 quae
690 2621 746 2678 tria
760 2621 891 2678 sermoni
900 2620 1022 2693 vitium,
1045 2620 1088 2676 rei
1101 2619 1156 2676 ob-

58 2703 239 2760 scuritatem
262 2700 378 2761 adferre
403 2705 511 2763 solent.
552 2704 683 2763 sermoni
697 2705 803 2763 vitium
816 2723 833 2762 a
846 2705 968 2764 vocibus
983 2703 1157 2781 vulgaribus

58 2795 88 2845 et
110 2806 129 2845 a
147 2787 268 2847 saeculi
284 2784 443 2866 phrasibus
465 2786 596 2863 accedit3
618 2808 682 2847 rem
702 2788 838 2849 obscurat
858 2786 1000 2849 historiae
1019 2789 1157 2862 varietas,

57 2890 137 2952 quae
151 2881 184 2932 et
202 2891 263 2931 non
278 2891 385 2951 parum
398 2870 449 2931 hio
465 2870 588 2932 distorta
604 2884 648 2933 eet
663 2882 693 2932 et
709 2874 855 2953 implexa.
897 2894 969 2934 sane
992 2876 1157 2931 accuratio-

58 2976 123 3014 rem
142 2966 322 3035 temporum
343 2962 373 3016 et
393 2977 492 3017 rerum
510 2957 730 3018 distinctionem
750 2955 898 3016 desidero.
941 2954 995 3017 sed
1010 2954 1157 3038 quemad-

55 3040 188 3102 modum
213 3041 267 3101 illo
291 3060 365 3101 aevo
384 3045 518 3102 omniurn
530 3062 631 3101 rerum
645 3051 675 3100 et
688 3042 807 3120 imperii
821 3041 954 3101 conluuio
971 3051 1034 3099 erat
1047 3039 1157 3099 distra-

56 3126 179 3209 ctioque
211 3134 241 3184 et
264 3128 350 3207 quasi
376 3124 466 3187 chaos
487 3125 640 3209 quoddam
657 3129 829 3201 nationum,
849 3126 892 3184 ita
910 3127 1001 3184 etiam
1016 3127 1156 3185 existimo

54 3206 136 3271 hono
159 3208 334 3270 historiam.
376 3231 453 3294 quae
470 3222 570 3271 tamen
589 3234 628 3271 ne
650 3231 769 3291 semper
792 3222 862 3270 cum
881 3211 971 3269 tineis
986 3219 1110 3267 certaret
1126 3218 1156 3268 et

55 3297 203 3376 opimum
216 3296 360 3375 pabulum
371 3297 474 3357 blattis
488 3294 657 3377 praeberet,
680 3316 806 3356 manum
822 3290 944 3355 admovi
962 3291 1154 3373 eitergendis

53 3380 119 3441 illis
140 3378 285 3442 sordibus
305 3386 335 3440 ei
355 3380 581 3441 obscuritatibus
604 3378 802 3461 explicandis.
843 3377 951 3462 quodsi
967 3394 1029 3437 non
1043 3381 1154 3456 omnia,

54 3484 197 3548 quorum
210 3458 352 3548 equidem
362 3468 508 3547 imparem
521 3486 572 3527 ma
589 3467 682 3527 fuisse
693 3466 790 3525 libens
802 3465 955 3544 profiteor,
978 3460 1092 3545 ailquid
1104 3484 1154 3523 me

53 3561 163 3612 tamen
182 3561 357 3612 msecutum
375 3571 473 3632 spero.
516 3570 593 3633 quaa
613 3570 663 3610 me
684 3550 856 3610 fefellerunt
876 3552 909 3609 in
924 3559 1006 3610 tanta
1021 3546 1155 3609 obscuri·

53 3646 139 3714 tate,
181 3637 341 3697 excusabit
365 3637 455 3696 facile
483 3636 618 3718 quisquis
648 3632 798 3696 humanus
828 3644 883 3696 est.
929 3631 1030 3716 prodit
1053 3636 1155 3717 itaque

55 3718 167 3804 (quod
186 3722 267 3782 felix
285 3722 477 3805 faustumque
490 3723 529 3781 sit
543 3731 573 3780 et
589 3722 662 3781 utile
677 3722 721 3780 rei
738 3720 876 3800 publicae
896 3716 1064 3800 literariae)
1087 3739 1157 3779 mea

55 3827 155 3889 opera
174 3805 336 3888 studioque
352 3827 433 3866 nunc
451 3808 583 3887 primum
599 3825 639 3866 ex
658 3807 780 3886 pulvere
795 3808 913 3888 situque
928 3814 1028 3864 erutus
1043 3814 1073 3863 et
1087 3807 1156 3864 viu·

56 3891 183 3952 dicatus
205 3893 350 3973 Georgius
370 3888 567 3972 bogutiana,
589 3902 692 3951 auctor
708 3894 883 3974 neutiquam
903 3888 1105 3970 aspernandus
1127 3901 1157 3949 et

53 3978 192 4038 meliore
221 3976 423 4059 (Hercules!)
454 3978 516 4038 fato
541 3975 752 4059 dignissimus,
782 3978 834 4059 qui
855 3976 944 4036 rebus
965 3977 1057 4054 gestis
1082 3993 1156 4055 quas

54 4064 230 4122 memoriae
256 4060 357 4142 prodit
375 4083 436 4124 non
454 4064 589 4123 interluit
615 4061 818 4139 solummodo,
853 4061 909 4122 sed
927 4061 1104 4142 plerumque
1127 4072 1157 4120 et

53 4148 217 4228 praefuit3
237 4146 319 4229 quod
332 4158 393 4208 bon
408 4149 532 4208 obscure
546 4148 619 4207 alibi
632 4149 759 4230 ipsemet
771 4145 893 4207 iudicat.
935 4143 1010 4228 quid
1023 4145 1157 4226 pluribus

55 4252 138 4311 opus
154 4228 224 4290 esti
246 4232 351 4313 quanti
369 4253 422 4294 suo
438 4253 512 4294 aevo
528 4231 718 4310 habitauit,
741 4232 870 4294 ostendit
885 4233 937 4314 qui
953 4250 1022 4290 eum
1035 4233 1159 4311 propius

54 4319 158 4394 norit,
180 4318 309 4377 merlini
322 4321 454 4381 nominis
467 4329 497 4380 et
513 4317 666 4403 dignitatis
680 4321 727 4382 vir
737 4320 897 4403 Gregorius
911 4318 1048 4403 Cyprius,
1068 4337 1158 4398 prae-
