2934 4838
32 544 36 585 ¹
88 582 246 645 qaamnos
259 561 574 641 vooerexsiguificare
587 565 805 623 consuevimus.
847 575 1060 648 etquauquam
1070 571 1175 632 Graeci

31 724 32 727 Ἴ
86 666 192 727 regem
203 646 325 726 βασιλέα
339 645 459 722 dicunt,
477 644 674 706 nihilominus
687 646 795 709 eodem
810 649 954 711 vocabulo
966 655 1175 734 imperatorem

31 742 33 749 ’
85 734 180 791 etiam
192 734 364 792 Romanum
383 742 414 791 et
425 733 596 810 Augustum
614 735 803 812 exprimunt3
824 737 879 794 vix
895 756 972 796 uuus
987 748 1017 796 et
1031 740 1106 798 alter
1119 762 1174 800 ve-

85 827 183 877 terum
195 809 404 899 αὐτοκράτορα
415 818 579 897 appellant.
620 819 815 897 quamobrem
834 823 950 901 quoties
962 824 994 879 in
1007 821 1064 882 hac
1077 822 1173 885 histo-

29 876 35 927 !
83 903 128 961 ria
147 922 209 962 rox
230 897 373 983 βασιλεύς
387 899 425 961 de
437 903 636 981 Bulgarorum
649 921 719 982 rege
734 913 764 962 et
777 905 957 964 Graecorum
970 909 1104 989 principe
1119 930 1173 970 oc-

28 982 32 1015 ''
82 988 173 1045 currit
192 986 342 1069 (occurrit
354 996 455 1046 autem
466 983 617 1069 passim),
638 1006 700 1046 nou
712 1008 765 1047 rex
777 986 832 1047 sed
846 991 1006 1068 irnperutor
1020 991 1172 1054 reddenda

27 1068 36 1103 Ε
81 1080 138 1131 est.
169 1073 280 1152 inquo
302 1070 477 1152 (fateudmn
487 1069 549 1150 est)
570 1071 801 1150 negligentiores
812 1092 903 1155 quam
914 1093 968 1154 par
977 1086 1040 1134 erat
1049 1078 1173 1139 fuimus.

30 1150 37 1187 ¹
80 1174 155 1215 sene
173 1156 327 1235 Belgarus
345 1151 486 1236 βασιλεύς
509 1157 675 1237 appellatus
694 1160 757 1216 iam
776 1158 814 1216 ab
833 1162 954 1241 antiquo
970 1170 999 1218 et
1013 1160 1172 1241 fficephori

26 1308 30 1317 ‚
78 1237 206 1299 Phocae
218 1250 368 1321 temporat
389 1251 504 1303 constat
515 1261 556 1300 ex
568 1242 745 1321 Luitprandi
756 1243 905 1322 legatione
918 1242 958 1303 ad
970 1245 1058 1304 illum
1072 1249 1173 1326 ipsum

25 1326 33 1365 ³
78 1325 297 1404 imperatorem
316 1327 452 1387 instituta
465 1328 542 1385 circa
556 1345 668 1386 aunum
683 1329 756 1392 968·
799 1350 882 1400 cum,
902 1331 1016 1411 inquit,
1040 1330 1173 1391 mure

75 1409 283 1488 phorijs‘lr'aus
293 1412 403 1471 Petrus
414 1411 624 1492 Bulgororum
637 1411 768 1472 aarum
779 1415 934 1494 coniugem
944 1414 1070 1474 doceret.
1114 1436 1172 1476 uo-

23 1500 26 1533 ·'
79 1492 176 1553 tanda
192 1514 310 1578 quoque
323 1516 402 1579 quae
413 1495 528 1556 ibidem
541 1497 698 1575 leguntur:
720 1497 758 1555 de
775 1500 926 1576 nepotali
942 1510 1036 1560 verbu
1055 1503 1173 1560 mmme

79 1600 199 1659 magua
218 1602 322 1641 armus
345 1584 529 1642 murenam
540 1582 685 1661 fatigati:
705 1582 771 1661 epse
782 1586 861 1642 euim
874 1605 928 1643 voe
940 1606 1001 1644 uon
1012 1588 1172 1663 imperato-

22 1680 25 1689 *
77 1685 156 1737 reru,
177 1665 215 1725 t‘d
232 1679 276 1727 eet
295 1667 418 1747 dudem
435 1687 494 1725 sua
513 1666 637 1747 lingum
656 1665 711 1724 sed
722 1666 759 1725 ob
773 1668 1008 1748 indignationem
1020 1671 1117 1751 ρῇγα,
1137 1671 1174 1729 id

76 1759 122 1809 ert
137 1770 253 1831 regem,
273 1762 377 1811 nostra
392 1750 530 1815 vocabat.
575 1752 627 1809 orel
640 1772 709 1809 cum
725 1752 864 1824 meacm,
884 1754 967 1833 quod
981 1756 1171 1834 signficatur·

75 1835 157 1893 idern
176 1856 252 1908 esse,
283 1838 423 1916 quumvis
441 1837 526 1917 quod
564 1838 571 1851 ⁰
618 1838 625 1850 '
711 1836 871 1897 diversum.
921 1836 991 1897 ride
1016 1849 1170 1918 praeterea

76 1920 265 1981 Glossarium
277 1923 403 1982 Meursii
413 1924 447 1981 in
460 1924 600 2002 βασιλευς
612 1932 643 1981 et
655 1915 723 2003 ρήξ.
763 1924 887 1982 nouae.

159 2025 195 2086 p·
208 2009 251 2071 86
263 2025 293 2065 v·
308 2005 359 2070 14·
400 2008 576 2088 πορφυρίδα
597 2003 646 2085 rr]
676 2025 717 2065 ex
734 2007 906 2086 Acropolita
926 2002 1045 2066 videtur
1062 2023 1169 2065 excer-

75 2089 172 2169 prisse
186 2110 242 2150 sua
255 2092 402 2169 Gregoras
415 2112 446 2172 p.
461 2095 503 2157 26
523 2095 554 2157 6.
594 2094 672 2151 Aur..

158 2174 206 2234 s'b'.
249 2179 482 2241 [meantum
503 2178 561 2241 roi
582 2172 853 2254 Μεσοποταμίην]
885 2175 943 2233 fuit
970 2171 1060 2233 buius
1085 2173 1167 2253 opud

73 2260 226 2319 manium
242 2260 395 2340 Angelum
412 2263 625 2342 imperatorem
645 2278 763 2320 suruma
783 2260 979 2318 familiaritas.
1022 2257 1166 2319 Cbouiata

73 2363 106 2424 P·
122 2345 186 2410 691
208 2348 262 2409 22·
301 2346 412 2405 Alexio
427 2366 499 2407 tero
515 2347 598 2405 illius
612 2345 698 2403 fratri
710 2354 741 2403 et
753 2354 821 2403 ante
835 2346 1034 2424 principatum
1051 2346 1166 2405 invisus

72 2439 106 2488 et
123 2439 196 2508 post
216 2449 288 2488 eum
305 2450 413 2511 parum
427 2442 545 2511 gratus,
566 2428 648 2512 quod
661 2430 790 2509 plurima
805 2432 838 2488 in
851 2432 987 2490 Romana
999 2450 1032 2488 re
1046 2430 1167 2509 publica

72 2515 221 2574 movisset
233 2525 263 2575 et
274 2517 375 2574 omnia
389 2516 610 2592 conturbasset,
631 2515 744 2575 artibus
754 2526 856 2575 tamen
868 2513 1080 2596 Euphrosynes
1091 2516 1166 2574 Ale·

72 2600 121 2658 xii
135 2600 242 2659 uxoris
253 2601 362 2660 Alexio
377 2602 599 2676 reconciliatus,
621 2620 739 2661 summa
752 2620 852 2663 rerum
864 2597 904 2659 ad
916 2602 1003 2659 illam
1015 2597 1164 2676 devoluta,

72 2694 262 2744 caeterorum
275 2686 434 2746 auotoritas
449 2696 480 2746 et
493 2696 686 2764 cognatorum
698 2705 819 2768 quoque
832 2688 1018 2766 imperatoris
1031 2688 1164 2765 potentia
1225 2672 1236 2693 '

73 2769 228 2848 elanguit3
247 2781 278 2829 et
290 2772 344 2851 qui
356 2769 472 2830 dudum
483 2771 521 2828 ab
531 2773 709 2850 imperatore
720 2791 775 2851 pro
788 2770 884 2831 nihilo
894 2771 1063 2852 putabatur,
1083 2789 1164 2829 nunc

72 2857 177 2913 omnia
196 2864 331 2933 poterat,
351 2866 382 2915 et
404 2867 467 2915 erat
488 2875 567 2914 uuus
586 2858 681 2916 instar
702 2860 855 2930 omnium3
877 2878 955 2916 uuus
971 2858 1072 2915 omnia
1084 2865 1163 2913 recte

71 2948 222 3014 statuere,
244 2959 322 3000 uuus
342 2943 478 3000 omnium
489 2940 621 3000 moribus
635 2960 668 2999 se
682 2939 922 3014 accommodare,
944 2943 1045 2997 omnia
1063 2938 1163 2995 omui-

69 3022 128 3083 bus
142 3043 197 3103 pro
214 3022 357 3104 (lignitate
368 3045 456 3104 posse
469 3025 599 3084 tribuere
611 3024 853 3096 existimabatur,
872 3032 902 3080 et
920 3022 956 3078 ab
976 3023 1162 3098 imperatoris

69 3108 166 3168 latere
188 3128 248 3169 nou
268 3108 449 3169 discedebat.
491 3112 545 3191 qui
561 3129 632 3168 rem
649 3109 781 3188 potentia
795 3104 983 3178 exciderant,
1006 3123 1095 3180 aegre
1113 3105 1162 3162 fe-

70 3195 196 3270 rebant,
224 3204 292 3253 tum
315 3197 433 3274 cognati
449 3196 662 3275 imperatricis,
688 3190 876 3253 Andronicus
894 3186 1160 3267 Contostepbauus,

69 3282 124 3381 cui
134 3280 318 3369 lreue‘illius
331 3279 393 3339 lilia
407 3289 565 3360 nupserat,
587 3290 617 3339 et
631 3278 722 3337 frater
734 3278 815 3337 illius
827 3274 956 3334 Basilius
971 3274 1160 3375 (lametertup

69 3382 127 3508 :¹3¹
129 3363 454 3509 limittit:
463 3374 692 3529 {¹1¹¹ssssAEss
700 3367 1160 3525 titiitiiiimttzlif

70 3555 89 3593 e
111 3535 197 3592 cuius
216 3535 312 3593 salute
326 3536 446 3614 propria
464 3554 583 3616 quoque
597 3534 678 3593 salus
693 3528 858 3609 pendebat,
879 3548 971 3609 quam
982 3524 1159 3605 Euphrosy-

68 3636 145 3677 nem
158 3619 233 3677 citra
250 3619 347 3678 ullam
356 3617 568 3678 verecundiam
580 3620 614 3677 in
629 3618 800 3696 turpissima
820 3614 952 3673 facinora
969 3612 1159 3673 delabentem

69 3714 103 3763 et
117 3700 272 3763 adulteriis
288 3701 456 3763 munuum
470 3705 686 3785 inquiueutem.
728 3721 801 3759 nam
815 3719 884 3759 curu
897 3718 956 3779 quo
968 3694 1178 3777 impudenter.

69 3786 258 3863 concumbit,
279 3808 350 3847 euru
369 3790 461 3848 etiam
481 3787 521 3847 ad
540 3789 700 3867 imperium
717 3796 853 3845 evectum
865 3786 953 3842 velle.
995 3801 1087 3864 quare
1100 3800 1159 3859 po-

69 3874 165 3931 tentia
174 3872 309 3932 mulieris
319 3873 543 3952 restringenda,
569 3882 683 3931 amator
696 3892 713 3930 e
726 3869 826 3930 medio
839 3867 1004 3943 tollendus,
1023 3887 1062 3924 ne
1074 3876 1158 3945 post-

68 3953 129 4015 hac
149 3957 248 4016 simile
268 3959 422 4036 piaculum
442 3956 624 4016 admittatur.
667 3954 754 4015 dictis
770 3953 941 4033 indignatur
956 3953 1085 4032 graviter
1098 3953 1158 4008 im-

69 4051 204 4120 perator,
233 4051 264 4101 et
283 4052 351 4122 post
368 4045 496 4101 Batatzii
518 4041 713 4101 adolescentis
730 4038 869 4113 caedem,
891 4040 980 4117 regiis
999 4038 1158 4118 spoliatam

69 4125 204 4185 vestibus
225 4129 257 4185 in
277 4129 496 4202 Nemeturium,
516 4127 662 4187 muliebre
674 4126 887 4185 monasterium
900 4126 976 4183 circa
988 4122 1076 4182 Pouti
1089 4122 1158 4180 lau-

70 4229 122 4268 ces
134 4212 236 4288 situm,
256 4213 477 4291 imperatricem
491 4212 599 4272 abduci
612 4213 704 4271 iubet.
737 4220 803 4290 post
817 4228 873 4269 sex
885 4228 1004 4268 menses
1017 4204 1158 4287 Euphro-

71 4313 145 4375 syne
171 4293 338 4358 delatorum
364 4299 452 4358 noris
477 4298 632 4359 conatibus
655 4308 686 4357 et
707 4296 894 4356 Constantini
914 4296 1158 4375 blesopotarnitae
