2986 4838
248 248 287 297 vr
446 221 677 295 THEODORI
700 222 870 293 DOUSAE
894 220 1141 291 PRAEFATIO.

249 439 284 492 nt
311 426 431 489 meliori
454 426 585 507 tempori
607 433 820 487 reservaretur.
868 420 925 486 sed
947 443 1018 484 cum
1037 427 1065 485 1.
1082 426 1295 486 Muellerus
1324 437 1359 486 et

247 553 286 612 Ρ.
301 549 562 623 Sceleratus,
583 545 741 625 geminum
758 554 790 604 et
806 545 1041 625 incomparabile
1060 544 1156 606 seculi
1171 545 1267 604 noetri
1280 565 1357 605 eru-

247 667 381 729 ditorum
395 665 500 742 iubar,
523 682 647 745 opernm
658 683 747 725 snam
758 664 792 723 in
807 660 867 724 hoc
879 674 1000 726 encore
1013 665 1178 725 liberaliter
1191 663 1358 725 offerentes

244 806 308 847 nou
326 805 393 847 esse
412 780 693 865 procrastinandum
714 781 902 862 dictitarent,
925 782 1034 845 accidit
1054 786 1157 846 nescio
1177 804 1238 867 quc
1259 783 1358 845 modo

246 914 282 966 ut
293 902 344 964 hic
355 904 434 964 liber
449 921 511 963 una
525 921 595 963 cum
606 903 745 963 versione
759 921 829 962 mea
844 911 875 962 et
890 904 970 964 uotis
983 905 1156 982 nonnullis,
1178 925 1198 963 e
1211 905 1359 966 menibus

245 1021 325 1084 milri
336 1031 529 1104 praereptus,
558 1022 646 1104 quasi
664 1021 817 1084 abortIrns
830 1030 934 1103 portos
951 1032 1021 1084 ante
1035 1033 1156 1106 tempus
1168 1036 1357 1100 nasceretur,

248 1143 293 1204 ita
314 1152 418 1203 tamen
442 1152 477 1203 ut
500 1138 596 1202 tidem
619 1141 668 1202 illi
689 1158 765 1222 quos
786 1138 853 1201 dixi
871 1142 985 1203 auctori
1003 1139 1076 1203 huic
1096 1141 1277 1225 corrigendo
1294 1163 1357 1204 non

249 1282 359 1344 parum
385 1262 463 1321 lucis
490 1258 643 1340 dederint,
684 1257 876 1323 difficultates
898 1232 1050 1341 plurimes
1071 1273 1102 1323 et
1126 1230 1358 1324 inextricabiles

254 1400 368 1441 errores
380 1379 590 1460 explicuerint.
631 1388 667 1440 tu
678 1379 818 1458 interim,
839 1380 936 1441 amice
946 1380 1058 1459 lector,
1085 1384 1177 1445 tentis
1188 1381 1356 1444 difficulta-

253 1501 335 1561 tibus
349 1496 560 1577 consideretis,
585 1495 667 1560 hunc
686 1499 823 1560 laborem
843 1500 949 1560 menni
962 1498 1158 1584 studiumque
1169 1524 1355 1584 promoven·

254 1617 312 1680 dae
332 1619 377 1677 rei
396 1615 556 1679 historicae
574 1638 618 1680 ex
633 1621 785 1702 aequitate
801 1621 926 1697 metire,
955 1629 986 1681 et
999 1617 1058 1681 hac
1076 1623 1145 1703 ipse
1163 1620 1355 1704 diligentiam

251 1759 354 1801 meam
367 1758 544 1820 compensa,
573 1740 664 1822 aequi
675 1739 808 1821 bonique
822 1739 981 1800 consulens
994 1740 1125 1820 primam
1135 1739 1216 1803 hanc
1233 1745 1352 1824 Georgii

248 1857 436 1942 Logothetae
448 1860 630 1922 editionem:
650 1859 684 1918 in
694 1859 814 1939 magnis
827 1858 910 1916 enim
922 1858 1053 1920 voluisse
1068 1871 1115 1921 sat
1129 1871 1193 1923 est:
1214 1865 1353 1945 reccgni-

248 1990 335 2041 turos
350 1978 498 2060 eundem,
527 1978 631 2042 rideo
651 1979 769 2060 placet,
800 1974 982 2060 aliqnando,
1010 1988 1041 2038 et
1052 1980 1299 2059 luculentiorem,
1324 1983 1349 2042 si

248 2101 311 2162 vita
328 2103 473 2183 supersit,
501 2098 711 2186 producturus·
753 2097 877 2159 inietlm
895 2105 960 2160 0³1⁰
979 2108 1136 2169 contentus
1154 2099 1215 2165 hoc
1227 2104 1344 2177 (letone,

249 2229 280 2281 et
299 2220 380 2282 vale·
