2934 4838
435 258 734 327 aeaopoumn
758 260 908 329 NOTAE.
1144 263 1218 336 26⁵

208 446 240 504 p.
252 424 312 490 147
320 445 349 484 v.
356 426 388 487 9.
409 417 552 504 Ἆρήρας]
569 421 650 502 apud
657 421 1118 487 eedrenmnmcetamzoaamm
1124 429 1218 487 alios-

117 531 181 592 que
203 513 333 570 Graecos
357 513 421 569 eins
444 521 533 568 notae
556 512 714 588 scriptores
732 502 865 591 Ἀμῆρας
885 513 1058 590 saepissime
1079 517 1215 573 occunit.

117 601 216 653 etism
230 593 312 675 apud
326 597 460 654 Latinos.
503 614 544 652 ex
562 595 600 653 iis
620 614 715 653 unum
735 594 923 655 solummodo
943 596 1123 675 producam,
1145 601 1216 680 quia

116 702 171 740 res
193 684 270 740 tanti
288 700 351 738 non
373 689 426 738 est.
475 680 649 757 sigebertus
681 681 907 740 Gernblacensis
929 680 969 739 ad
997 701 1109 761 aunum
1135 686 1215 748 647:

117 768 221 825 Persa
238 763 533 844 qaudamsimulans
550 784 582 822 se
595 764 672 822 velle
682 765 809 823 adorare
820 768 965 824 Hortatur
974 771 1105 826 mnam
1122 769 1218 827 Saro-

117 871 278 921 cenorum,
306 849 397 925 infixo
414 852 448 907 irs
468 861 599 908 ventrem
620 851 684 907 eius
702 850 809 929 gladio
821 852 948 929 pereutit
962 872 1040 910 eum.
1085 856 1159 912 item
1179 853 1219 911 nd

118 956 238 993 annum
252 939 332 999 766:
359 936 569 993 Comminus
587 936 747 1012 imperator
767 946 795 995 et
814 935 992 994 Haddallas
1014 941 1129 995 amc'roe
1145 941 1219 1016 puri

117 1021 272 1078 vaesania
293 1022 326 1076 irs
342 1020 515 1078 orthodoxos
539 1019 722 1078 desaeviant.
779 1032 825 1080 est
846 1033 947 1079 autem
969 1024 1067 1080 amim
1089 1024 1217 1082 Arabico

116 1106 269 1164 vocabulo
289 1104 457 1183 praefectus
480 1107 639 1182 imperium
662 1104 806 1165 obtinens.
861 1104 932 1164 hino
951 1108 1132 1165 amouimus
1155 1111 1219 1167 sive

115 1191 320 1249 mancam
341 1189 422 1268 apud
443 1193 600 1269 scriptores
624 1187 852 1268 expeditionum
869 1193 1216 1270 Hierosolymitanarum.

117 1273 207 1355 apud
220 1293 313 1355 quos,
345 1285 379 1332 nt
400 1284 431 1333 et
449 1278 483 1333 iu
501 1278 563 1334 rita
581 1277 684 1336 Sancti
702 1274 865 1351 Ludovisi,
887 1276 1055 1335 admistus
1069 1280 1215 1353 invenies,

120 1358 208 1439 apud
222 1360 296 1418 alios
310 1371 513 1430 acominatus,
538 1362 613 1418 item
625 1360 797 1420 oimstrowe
815 1373 845 1420 et
857 1364 1017 1420 amaneus.
1061 1364 1094 1420 in
1108 1364 1215 1423 Ottone

119 1446 307 1523 Frisingcnsi
327 1454 372 1504 ast
389 1445 580 1503 admiraldus
601 1444 640 1504 ad
661 1466 773 1505 aunum
797 1449 895 1510 1101:
921 1444 962 1504 ab
982 1446 1093 1504 Alexio
1114 1449 1216 1506 Mem·

111 1530 287 1610 plraecram
309 1532 375 1609 regi
392 1551 445 1587 sea
467 1531 638 1589 admiraldo
654 1534 848 1609 praesentati.
902 1533 1013 1612 aliique
1038 1535 1216 1591 recentiores

118 1636 243 1674 amans
254 1634 308 1694 pro
322 1617 449 1674 Tuscico
462 1618 641 1695 imperatore
654 1628 807 1697 usurpant.
851 1627 880 1674 et
893 1618 1017 1676 arabum
1033 1618 1216 1697 principibus

117 1720 242 1759 amane
256 1701 488 1778 appellationem
506 1720 579 1779 prae
600 1704 724 1767 caeteris
746 1721 864 1780 semper
877 1705 1009 1762 arrisisse
1026 1702 1105 1761 docti
1120 1722 1216 1762 anuo-

118 1796 234 1844 tarunt.
276 1784 348 1843 hinc
361 1796 391 1842 et
404 1785 485 1865 apud
497 1789 656 1866 plerosque
668 1789 839 1867 Eumpaeos
852 1788 966 1847 amital
976 1808 1030 1867 pro
1041 1785 1216 1847 thalassius-

119 1868 182 1929 cho
196 1890 250 1929 seu
264 1871 412 1949 praefecto
427 1875 527 1929 maris.
570 1871 640 1930 vide
655 1874 713 1931 riri
730 1875 833 1951 magni
851 1883 939 1932 notas
950 1877 982 1931 in
997 1875 1214 1953 europalatem,

119 1967 152 2014 et
164 1958 288 2013 Meursii
305 1957 489 2015 Glossarium
504 1960 537 2014 in
554 1951 686 2038 α’μηρᾶς,
709 1950 858 2040 disponis,
880 1952 1045 2042 ἆμηρᾶλιός
1058 1969 1087 2017 at
1100 1952 1214 2039 ἆμηρα-

118 2044 184 2103 dio.
226 2042 347 2099 Dousi.

208 2124 249 2182 ib.
265 2145 294 2183 v.
312 2128 362 2191 18.
408 2118 599 2205 Πελᾶρπακις
618 2137 665 2186 cst
678 2124 884 2205 Beglerbegus
898 2125 979 2207 apud
993 2129 1107 2186 Tuscus
1125 2125 1215 2207 (quos

118 2209 175 2269 hic
187 2212 293 2268 Persas
308 2219 392 2268 vocat
402 2209 594 2290 Lugotheta),
617 2209 770 2289 diguitatis
782 2231 892 2270 noman
909 2214 982 2271 satis
995 2223 1108 2271 notum.
1129 2213 1216 2291 Beg-

118 2293 237 2373 lerbegs'
248 2296 394 2373 significat
408 2293 547 2374 ἄρχοντες
561 2290 731 2375 α’ρχόντων,
751 2295 866 2354 domim
875 2297 1062 2356 doarinorum
1068 2321 1081 2371 ,·
1114 2309 1145 2357 et
1157 2299 1216 2377 ipsi

118 2382 242 2439 Bassus
262 2381 413 2459 appellati.
455 2383 488 2439 in
514 2400 561 2440 ms
587 2379 734 2440 Chronico
760 2382 916 2460 cpolitano
945 2381 1027 2462 apud
1051 2386 1216 2442 Manrsium

117 2470 357 2545 Μπιγλερμπεῖς
369 2465 521 2538 scribitur,
552 2477 582 2524 et
597 2486 686 2545 saepe
700 2466 743 2524 ibi
757 2469 893 2525 occurrit.
935 2466 1005 2526 vide
1019 2469 1214 2528 Glossarium.

118 2560 243 2630 praetor
264 2552 404 2608 Graeciae
428 2548 603 2624 histodcus,
631 2552 812 2610 Lennclavio
832 2554 951 2632 saepius
971 2553 1127 2628 laudatus,
1151 2558 1215 2616 Πε-

117 2629 287 2714 κὶᾶρπακις
299 2636 417 2707 scribit,
439 2646 469 2693 at
482 2635 554 2695 dicit
569 2635 822 2716 Beglerbegornm
837 2639 967 2716 officium
979 2640 1153 2717 respondere
1166 2640 1216 2697 di-

114 2722 237 2799 gnitati
248 2720 298 2777 vel
309 2721 405 2799 <affluo
420 2723 545 2779 maxe'mi
555 2721 816 2800 stratopedarchae
831 2722 925 2804 (idem
939 2720 990 2783 hic
1003 2727 1101 2784 iarnult
1112 2727 1214 2803 Logo·

118 2804 236 2883 theta),
266 2824 355 2885 quatu
376 2824 456 2862 nuno
473 2806 648 2864 Generalem
667 2810 883 2884 cumpivocare
897 2809 1038 2868 solemus.
1081 2808 1149 2867 vide
1165 2812 1215 2866 iu-

119 2890 331 2969 comparabills
343 2892 402 2948 viri
411 2888 583 2949 Pandantes
596 2895 707 2951 Histoi.
720 2894 812 2951 'l'urc
826 2911 891 2971 sap·
910 2893 967 2966 14,
994 2894 1046 2951 ubi
1064 2903 1095 2952 et
1111 2895 1215 2950 emim

117 2978 256 3054 exponit.
297 2978 421 3035 Dones.

206 3080 237 3139 p-
256 3062 315 3126 148
330 3080 358 3118 v.
373 3062 424 3126 16.
467 3056 486 3122 d
505 3063 595 3133 tassia,-
613 3064 666 3140 τῆς
687 3053 784 3140 utilia
806 3079 916 3118 nomen
930 3058 1085 3139 dignitatIs
1097 3061 1130 3117 in
1144 3060 1214 3118 aula

118 3144 289 3223 cpolitaua,
312 3149 395 3204 cuius
406 3146 546 3203 meminit
554 3143 696 3221 Codinus,
718 3143 756 3203 de
771 3147 954 3204 vestimentis
970 3149 1036 3204 aius
1052 3153 1083 3203 et
1096 3155 1213 3203 ornatu.

117 3228 179 3290 sed
199 3230 318 3288 nullum
337 3249 447 3291 munus
467 3249 521 3289 suo
541 3240 674 3309 ternpore
695 3231 788 3290 luisse
803 3231 914 3289 scribit.
957 3249 1018 3289 non
1033 3231 1104 3288 satis
1117 3229 1214 3309 liquet

118 3335 163 3374 an
175 3312 263 3374 huius
269 3317 364 3374 Tutus
377 3317 492 3375 mentio
504 3314 556 3373 fiat
568 3317 600 3373 in
614 3314 773 3395 depiuvata
785 3318 878 3374 veteri
890 3317 1081 3394 inscriptione
1089 3315 1212 3390 Graeca,

118 3418 214 3481 quam
234 3398 310 3458 haec
327 3402 414 3459 nobis
431 3398 646 3459 meditantibus
661 3403 810 3480 suggessit
825 3401 1000 3479 multiiugae
1015 3401 1151 3459 lectionis
1167 3402 1214 3457 vir

116 3482 259 3564 mihique
273 3489 470 3549 amicissimus
479 3488 587 3546 Petrus
602 3488 785 3546 Scriverius:
807 3488 1077 3547 ΕΤΕΙΜΗΣΑΝ.
1095 3488 1213 3547 TATA.

118 3571 164 3635 Ν.
193 3573 247 3633 Ol.
276 3574 445 3632 ῙῸΝΕΙΕ.
475 3574 683 3634 ΒΑΤΑΚΗΣ
713 3574 794 3633 ΚΑΙ
816 3574 974 3633 Annua
1003 3571 1213 3632 Κ-ΙῪΝΒΑ·

118 3657 232 3717 Rutu
253 3658 453 3718 ΜΝΗΜΗΣ
472 3659 615 3719 ΧΑΡΙΝ.
658 3665 742 3715 extat
758 3658 791 3716 iu
807 3656 975 3715 camaria
988 3655 1120 3728 Galatia,
1141 3673 1215 3732 pro-

120 3738 265 3819 ducitque
285 3760 325 3801 ex
344 3739 463 3799 schedis
477 3740 697 3820 anbeqnianis
711 3742 746 3800 V.
762 3741 794 3800 G.
811 3752 841 3799 et
855 3739 893 3800 de
907 3742 1059 3820 republica
1071 3740 1215 3801 litteraris

119 3827 235 3902 optime
249 3827 373 3884 maritus
386 3830 477 3885 lanus
489 3828 650 3901 Gruterus,
671 3827 859 3915 Inscription.
874 3846 905 3906 p.
922 3828 1004 3890 1128
1017 3830 1048 3889 2.
1070 3826 1193 3882 Duoss.

205 3928 236 3987 p·
254 3908 312 3973 149
329 3928 359 3967 v·
375 3913 425 3976 18.
447 3907 522 3973 nursi
536 3914 630 3974 ταῦτα
643 3908 677 3973 di
690 3909 742 3982 uui
754 3906 792 3973 sd
806 3913 862 3975 soti
875 3907 1057 3992 Δυρραχίου]
1078 3909 1214 3968 cisum

120 3995 273 4052 Oomueua
287 3994 427 4055 Alexlad.
437 3996 490 4055 lib.
510 4000 549 4059 12
565 4007 596 4055 at
615 3998 664 4060 13.
706 3997 783 4054 Ans.

208 4099 239 4157 p·
254 4080 314 4141 160
328 4098 358 4137 v·
375 4082 425 4144 16.
466 4075 652 4143 τούντεῦθεν
671 4080 716 4153 sle
735 4074 939 4156 insucatae]
962 4079 1108 4156 Gregoras
1122 4074 1176 4135 lib.
1194 4079 1214 4139 3

121 4182 153 4240 v·
170 4162 212 4225 56
230 4169 251 4226 2
271 4164 370 4222 ieiune
385 4164 558 4224 admodum.
581 4167 679 4225 fusius
692 4162 905 4243 Pachymerins
918 4163 971 4221 lib.
990 4167 1005 4225 1
1022 4183 1049 4220 c.
1064 4165 1116 4225 30.
1136 4163 1214 4220 Anu.

208 4248 404 4326 p.154s.6.
448 4246 705 4333 itiusmodi]
732 4251 877 4329 Gregoras
891 4268 921 4328 p.
941 4251 981 4316 66
1005 4248 1055 4319 10.
1084 4266 1126 4309 ax
1139 4248 1215 4306 Gre-
