2994 4830
301 375 335 422 vs
657 353 826 420 mainis
850 353 1022 419 immisti

303 549 420 612 notor,
449 532 867 595 nisibanoassecntiessent.
909 537 1032 593 nomina
1052 532 1185 613 prudens
1204 555 1393 595 nonrecen-

303 634 734 715 seo,satise1bistorianota.
776 638 1392 718 quorumomniumcumvirtutessedulo

169 778 175 792 ·
304 741 493 802 coniunxeris
510 737 742 798 admiraculum
759 741 827 796 aevi
844 736 951 812 buius,
981 750 1198 817 rexaugmte,
1218 737 1391 822 banoquo-

304 862 363 924 que
382 839 505 899 laudem
524 839 628 901 deesse
642 843 791 900 maiestati
805 843 893 899 Tuae
908 842 1042 899 noluisti.
1082 861 1192 921 nempe
1204 852 1250 900 tot
1262 844 1392 903 illustria

304 944 461 1022 exempla,
489 961 565 1023 quae
585 955 729 1023 perpetuo
749 945 849 1001 animo
867 944 1032 1002 maiestatis
1046 945 1133 1001 Tuae
1147 964 1218 1002 rere
1237 948 1320 1023 regio
1335 946 1393 1005 ob-

304 1055 474 1119 versantur,
503 1045 590 1103 aliter
606 1046 705 1103 facere
720 1042 802 1103 baud
815 1043 1013 1123 patiebantur.
1055 1055 1086 1102 et
1102 1055 1136 1101 ut
1155 1046 1210 1103 illa
1229 1049 1323 1104 etiam
1336 1045 1393 1105 de-

306 1156 421 1221 essent,
450 1144 534 1204 donn
548 1148 712 1206 maiestatis
725 1149 813 1205 'l'uae
828 1165 922 1203 unum
940 1154 1019 1218 erat,
1045 1147 1182 1203 omnium
1196 1148 1307 1223 instar,
1329 1146 1395 1207 divi

307 1250 423 1324 Caroli,
457 1250 590 1328 paternis
606 1250 687 1323 Tui,
720 1265 812 1327 qoem
832 1246 1034 1305 beuirolmtia
1058 1245 1109 1304 dci
1130 1247 1298 1311 mmai·
1322 1250 1395 1308 forti

307 1370 400 1411 mauu
419 1351 568 1409 maiestati
581 1352 668 1410 Tuae
688 1351 788 1427 regnis
807 1350 959 1406 excitavit.
1000 1345 1041 1404 ad
1062 1348 1193 1429 reliquas
1212 1361 1313 1411 autem
1330 1354 1396 1411 vir-

307 1462 386 1511 tutes
405 1448 487 1533 quod
509 1455 632 1528 attinet,
659 1454 727 1533 quis
747 1471 810 1510 non
830 1451 975 1529 pietatem
991 1451 1134 1525 miratur,
1164 1471 1263 1510 raram
1278 1455 1312 1510 in
1331 1464 1395 1511 tarn

308 1554 428 1612 excelso
446 1553 588 1633 fastigio‘l
627 1557 694 1635 quls
713 1573 773 1612 non
794 1554 887 1609 animi
905 1550 1144 1630 magnitudinem
1162 1553 1395 1614 inconcussam?

308 1658 376 1741 quis
396 1654 615 1717 constantiani
643 1659 711 1737 quis
726 1652 952 1715 fommdnemt
982 1657 1035 1733 qai
1052 1658 1084 1715 ia
1101 1658 1207 1733 primis
1219 1659 1287 1715 istis
1298 1659 1397 1731 anuis,

310 1779 380 1818 oum
400 1753 519 1817 bostem
540 1756 701 1816 barbarum
719 1768 750 1815 et
769 1766 851 1814 aetas
873 1756 1038 1814 maiestatis
1059 1758 1145 1815 Tuae
1166 1768 1196 1815 et
1215 1777 1270 1816 sua
1294 1759 1396 1818 feritas

309 1880 448 1922 securum
458 1861 608 1934 iacerent,
629 1862 734 1918 timere
746 1869 849 1917 umen
864 1860 1005 1937 coegisti,
1027 1868 1058 1915 et
1070 1861 1156 1937 regni
1168 1859 1243 1918 fines
1255 1871 1290 1918 ut
1302 1862 1398 1919 intre-

308 1962 398 2043 pidus
417 1965 460 2021 ita
483 1963 611 2020 invictos
629 1960 797 2020 vindicasti.
849 1961 905 2018 ibit
928 1958 1003 2017 baec
1022 1980 1070 2018 res
1090 1963 1122 2017 in
1143 1959 1315 2035 historiam,
1343 1982 1399 2020 rex

309 2076 449 2145 auguste,
483 2076 514 2124 at
529 2066 686 2144 posteritas
705 2064 837 2127 vixsine
849 2073 969 2141 stupore
981 2064 1074 2142 leget.
1115 2081 1150 2119 ac
1166 2061 1256 2122 buius
1275 2063 1401 2144 quidem

308 2169 458 2228 felicitatis
470 2169 701 2227 instrumentum
713 2185 786 2225 sane
803 2184 963 2245 magnum,
991 2166 1038 2222 vir
1056 2164 1181 2223 illustris
1196 2176 1227 2223 et
1243 2167 1401 2246 incompa-

201 2300 204 2309 .
310 2267 412 2328 rabilis
425 2269 552 2327 Axellm
568 2269 606 2328 ab
619 2271 832 2343 Oxenstierna‚
852 2269 952 2346 regiae
967 2267 1130 2324 maiestatis
1143 2268 1230 2325 '1⁸oae
1243 2268 1403 2327 cancello-

311 2371 390 2445 rlus,
411 2370 579 2428 immortale
602 2373 687 2449 regni
706 2369 816 2446 deuas5
839 2389 932 2451 quem
952 2379 986 2428 ut
1005 2368 1151 2447 ungulari
1167 2369 1222 2427 illa
1240 2368 1402 2447 prudentia

310 2469 405 2530 hebes
420 2471 538 2529 Nestori
558 2472 655 2549 prisco
675 2470 926 2551 comparandum,
954 2472 996 2528 ita
1016 2480 1049 2527 ut
1068 2472 1159 2527 etium
1176 2480 1272 2528 aetate
1288 2468 1402 2530 babere

312 2572 388 2631 olim
407 2573 505 2650 possis
524 2589 620 2629 voveo
643 2583 673 2631 et
690 2584 771 2651 opto.
812 2594 874 2633 non
889 2575 937 2630 Te
957 2589 1044 2649 rege,
1073 2581 1105 2628 et
1128 2572 1182 2630 illo
1201 2570 1345 2631 tamfido
1368 2593 1404 2632 ac

312 2672 454 2753 prudenti
473 2673 656 2749 consultore,
695 2672 813 2734 adversi
833 2675 994 2757 quicquam
1012 2674 1177 2733 maiestatis
1195 2675 1282 2732 Tuae
1302 2677 1402 2753 reguis

313 2773 448 2835 accidere
460 2775 565 2854 possit.
606 2794 663 2834 aec
683 2777 787 2835 tacebo
808 2780 951 2835 loannem
975 2772 1098 2854 Skytte,
1125 2777 1225 2835 virum
1248 2777 1404 2837 nobilissi-

314 2897 399 2936 mum
421 2888 449 2935 et
464 2876 700 2955 amplissimum,
726 2878 759 2936 in
774 2880 901 2938 Gronsio
922 2889 953 2936 et
971 2878 1079 2952 Elffio,
1106 2879 1192 2936 Tuae
1216 2880 1366 2938 maiestati
1386 2901 1406 2939 a
1481 2920 1484 2929 ·

248 3024 253 3031 .
315 2980 447 3038 consiliis
460 2989 491 3037 et
505 2979 683 3056 rationibus3
716 3000 808 3061 quem
819 2980 1019 3059 legationibus
1033 2979 1169 3058 plmibus
1185 2977 1273 3037 valde
1290 2980 1407 3039 olerum

315 3082 369 3139 alil
382 3081 531 3160 principes
544 3100 607 3139 non
618 3085 773 3162 ignorant,
795 3092 826 3140 st
843 3080 924 3161 apud
946 3102 1001 3142 nos
1021 3085 1190 3163 quloimque
1212 3083 1344 3162 aliquam
1361 3088 1408 3142 rei

315 3183 453 3263 publicae
475 3192 592 3261 partem
611 3195 724 3243 tenent.
765 3182 842 3243 haec
860 3194 894 3243 ut
915 3187 1015 3243 omnia
1032 3185 1182 3244 metanti
1199 3184 1284 3243 Tuae
1300 3196 1409 3261 gratu-

315 3287 409 3361 larer,
452 3286 499 3343 vis
521 3284 658 3344 fortunae
679 3288 766 3345 Tuae
792 3288 940 3365 expressit
960 3296 990 3344 et
1008 3304 1120 3363 pronus
1145 3302 1265 3365 quoque
1288 3288 1321 3342 in
1340 3305 1411 3345 rem

316 3388 468 3467 publicam
487 3398 621 3447 nostram
640 3391 774 3463 animust
804 3389 853 3446 otti
873 3397 937 3445 tam
961 3388 1096 3464 impense
1118 3386 1218 3461 iuves,
1248 3397 1282 3444 ut
1306 3406 1377 3445 oum
1389 3408 1409 3445 s

318 3492 418 3568 regnis
432 3490 597 3549 maiestatis
610 3493 697 3549 Taaa
710 3490 790 3565 ubis,
821 3508 881 3546 non
894 3489 1031 3545 invenias
1046 3488 1094 3544 oui
1110 3487 1211 3545 iovem
1225 3489 1322 3565 magis
1336 3508 1411 3567 pos-

318 3594 370 3651 sis.
413 3589 485 3649 hinc
501 3591 608 3652 foedus
624 3590 702 3651 illud
717 3609 787 3648 cum
807 3590 1017 3648 illustrissimis
1037 3608 1072 3647 ao
1084 3589 1298 3667 potentissimis
1310 3591 1412 3669 Belgii

318 3691 463 3750 foederati
480 3690 633 3753 ordinibus
653 3711 749 3772 nuper
767 3694 870 3749 ictum.
912 3688 985 3748 hinc
1009 3700 1041 3748 et
1066 3687 1147 3771 qaod
1174 3709 1214 3747 ex
1238 3691 1293 3748 illa
1321 3702 1415 3768 gente

319 3794 418 3852 virum
435 3794 628 3873 magnificum
652 3803 682 3851 et
703 3795 923 3873 amplissimum
942 3793 1084 3851 Iacobum
1108 3787 1260 3870 Dyokium
1282 3793 1415 3871 elegisti,

321 3897 405 3954 ouius
426 3898 554 3955 consiliis
573 3894 812 3975 prudentissimis
832 3897 867 3955 la
883 3896 1025 3953 maximis
1043 3903 1088 3951 tot
1103 3911 1264 3971 regnorum
1284 3897 1418 3972 negotiis

320 3996 463 4070 utereris3
492 3998 634 4078 cuiusque
656 3996 714 4057 lide
736 4016 772 4057 ao
790 3999 949 4058 virtutibus
966 3997 1227 4076 praestantissimis
1248 3998 1419 4076 exploratis

322 4098 355 4156 in
376 4097 526 4176 legatione
545 4117 606 4157 nou
626 4118 687 4158 una
709 4098 748 4158 ad
769 4100 886 4159 Galliae
905 4120 940 4158 ao
962 4099 1132 4156 Biitaamae
1158 4117 1258 4177 reges,
1289 4097 1417 4159 tandem

323 4198 373 4258 bio
386 4201 443 4258 looi
460 4197 540 4277 apud
553 4219 604 4259 eos
625 4220 700 4281 quos
720 4199 785 4259 dixi
804 4199 923 4260 ordiam
937 4201 1029 4278 legati
1044 4197 1187 4261 ordinarii
1196 4219 1310 4259 munus
1321 4204 1417 4261 susti·

324 4321 394 4363 nere
406 4302 537 4367 voluisti.
580 4320 678 4385 neque
692 4298 750 4363 boo
763 4306 845 4364 satis.
887 4304 994 4371 lanam
1006 4304 1199 4381 Bugoniam
1219 4308 1298 4363 inser
1317 4306 1419 4385 prima
