2934 4838
313 320 387 396 258
712 320 759 389 IN
783 321 1010 391 GEORGlUli

312 486 477 577 manentia
491 486 610 548 naham
627 483 704 548 vidit
718 484 880 561 illustrius,
909 481 985 544 selec
1002 483 1197 546 obtruncasse
1220 483 1411 548 deam

314 601 373 663 qne
391 588 425 638 nt
445 593 545 656 neque
566 593 622 654 pes
644 591 745 654 neque
764 581 852 651 caput
875 572 908 629 in
929 590 966 629 eo
988 581 1137 650 appareat.
1192 573 1257 632 Ge.
1280 570 1411 632 Pinna

311 677 421 726 temere
439 656 595 720 confundit
614 660 731 734 omnia,
761 658 815 738 qul
833 653 980 715 iudicium
997 653 1054 714 hoc
1071 656 1126 716 sub
1146 657 1285 717 Batacio
1305 659 1412 717 factum

310 750 365 812 sub
383 744 547 807 Theodoro
568 742 652 803 illius
672 743 733 801 filio
755 744 851 822 ponit.
898 761 977 820 quoe
997 761 1045 799 ree
1064 761 1135 798 essm
1154 743 1188 799 in
1211 746 1412 822 suspiciosas

310 833 426 913 captati
446 829 585 908 imperti,
612 827 925 906 crsipers‘dtempue
952 824 1125 884 Theodoram
1145 827 1413 887 Lamum

304 914 513 999 praesidebat,
530 933 586 992 per
600 912 784 971 mmmmm
797 913 925 970 vocavit.
969 909 1114 984 secundo,
1138 915 1315 992 quaestioni
1327 934 1411 993 pree-

311 1006 417 1078 fuisse,
440 1003 524 1060 cuins
538 1010 603 1057 tum
615 996 696 1077 apud
707 999 917 1076 imperatorem
929 996 1095 1073 plurimum
1107 998 1237 1055 valebat
1248 1003 1409 1071 samarites,

312 1089 474 1149 Arsenium
494 1081 692 1164 patriarcham
713 1102 782 1140 cum
804 1082 872 1139 aliis
894 1078 1054 1139 indicibus.
1098 1091 1258 1141 ettamen
1272 1086 1409 1141 Arsenim

312 1186 382 1255 post
396 1169 473 1231 illud
486 1167 629 1227 iudicium
643 1187 685 1226 ex
698 1163 896 1246 Apolloniade
912 1167 1023 1223 accitus
1040 1167 1071 1223 in
1085 1166 1325 1245 patriarchatum
1336 1188 1407 1226 ere·

314 1270 380 1320 ctus
397 1266 452 1316 est.
493 1256 591 1329 tertio,
607 1256 774 1332 episcopus,
790 1254 843 1332 qui
856 1252 902 1308 illi
914 1248 1019 1308 suadet
1032 1260 1066 1308 ut
1080 1253 1208 1310 consilii
1222 1257 1271 1312 sui
1285 1254 1405 1312 messias

314 1342 459 1415 ediceret,
484 1340 574 1397 etism
593 1334 783 1396 iureiurando
799 1337 945 1416 promittit
960 1335 1028 1394 illos
1046 1337 1128 1395 solos
1148 1358 1192 1395 ex
1207 1338 1404 1417 legibusme-

312 1450 368 1489 nas
384 1426 519 1499 daturos,
539 1420 719 1481 michaelem
735 1422 772 1479 ab
788 1422 870 1480 omni
881 1420 1027 1498 supplicio
1047 1423 1227 1480 irmnunem
1238 1442 1276 1481 ac
1290 1424 1404 1482 mem

314 1514 473 1573 abiturum.
515 1519 546 1567 et
559 1505 615 1566 hoc
628 1509 686 1566 fuit
696 1517 814 1587 praeter
826 1507 1004 1564 sententiam
1017 1506 1231 1584 imperatoris3
1254 1519 1287 1567 et
1303 1511 1406 1589 episcc-

313 1618 370 1679 pus
382 1596 528 1677 promittit
539 1612 694 1673 nunquam
708 1603 810 1671 postea
825 1588 1020 1649 observande.
1062 1602 1181 1671 quarto,
1204 1595 1407 1672 prohetiam

313 1684 386 1742 ferri
402 1678 556 1739 candentis
570 1676 700 1736 Michael
722 1674 761 1734 ad
776 1673 962 1755 probandam
980 1695 1066 1734 suam
1085 1679 1301 1737 innocentiam
1312 1682 1408 1758 possit.

313 1766 421 1850 quodsi
432 1764 489 1823 hcc
502 1784 564 1822 acu
577 1773 620 1820 eet
629 1765 715 1832 satu,
741 1759 860 1819 obsecro
876 1770 917 1831 te,
943 1760 1074 1829 domim,
1101 1760 1160 1818 hoc
1175 1763 1261 1820 melei
1270 1765 1330 1835 dn,
1347 1764 1409 1844 ser·

314 1849 707 1926 rumincams'ns'flummae
721 1848 884 1904 coniecmm
902 1847 1409 1924 etetiamotqroeetmmvelsemers-

315 1949 416 2018 terque
425 1934 557 1993 candeas
568 1930 708 1991 mamas
720 1930 899 2009 compleras
906 1971 919 1999 ,
944 1951 1118 2010 prunaeque
1130 1932 1166 1989 s‘u
1181 1934 1291 1990 niensis
1303 1937 1410 1992 unrad-

316 2035 393 2094 tene,
415 2040 537 2099 spernus
549 2018 651 2088 deum,
675 2016 967 2096 qmnespuemes'c
981 2019 1098 2074 carruae
1112 2017 1369 2096 mmmmm
1387 2030 1411 2076 et

315 2107 437 2169 oculum
453 2104 542 2163 illum
556 2104 658 2161 omnia
670 2111 854 2160 contuentem
867 2120 1038 2179 semperque
1051 2101 1185 2179 vigilan,
1215 2107 1277 2182 qsu'
1294 2115 1411 2161 mtu-

317 2205 368 2252 tur
379 2211 462 2250 renes
472 2188 611 2260 sicce-do,
626 2189 735 2267 qru'que
747 2189 830 2244 ηονὶι
842 2205 897 2243 nec
909 2187 1119 2263 cogitassene
1129 2191 1305 2264 concepisse
1317 2210 1367 2247 me
1377 2188 1410 2247 ds

316 2276 425 2357 quibus
431 2272 754 2354 rinerrcgee,illuesum,
764 2271 827 2329 εἰεί
827 2270 988 2348 placuerit,
995 2268 1036 2328 ab
1043 2271 1197 2329 adseram
1203 2284 1409 2331 ravanam

315 2360 374 2421 hcc
384 2380 454 2420 vero
468 2378 586 2418 merum
597 2356 788 2416 mendacium
800 2366 860 2414 est:
874 2375 993 2434 semper
1006 2359 1087 2413 enim
1099 2356 1135 2414 ab
1150 2353 1331 2417 huiusmodi
1344 2360 1409 2417 ferri

317 2444 471 2504 candentis
491 2444 695 2524 experimento
718 2439 885 2514 abhorruit,
906 2441 1067 2521 palamque
1086 2439 1183 2500 edixit
1199 2462 1234 2500 se
1251 2454 1285 2501 nt
1298 2447 1409 2502 Βοιω-

315 2550 392 2592 num
404 2529 521 2607 legibue
533 2529 685 2601 Romanis,
701 2546 763 2585 non
779 2526 919 2597 barbaris,
941 2523 1061 2606 qnando
1071 2526 1123 2584 ille
1133 2546 1201 2585 mos
1215 2528 1407 2586 barbarorum

316 2623 389 2687 eret,
410 2611 603 2673 iudicandum
615 2631 690 2670 esse.
733 2613 848 2691 quinto,
869 2612 1054 2689 ineptissime
1067 2612 1104 2669 ab
1118 2614 1255 2692 episcopo
1270 2610 1405 2670 deterre-

316 2709 364 2758 tur
377 2695 506 2756 Michael
520 2696 557 2754 ab
571 2696 624 2754 ills
636 2696 821 2775 probatione,
845 2715 914 2753 cum
926 2698 1082 2775 episcopas
1095 2696 1147 2755 ille
1163 2695 1201 2755 ad
1213 2716 1277 2755 enm
1291 2695 1406 2755 susde-
1453 2754 1454 2757 ,

316 2794 377 2859 ret,
411 2784 464 2862 qui
490 2790 639 2859 comperta
659 2791 763 2859 postea
783 2778 938 2838 Michaelis
963 2793 1063 2839 mente
1082 2783 1176 2840 rerba
1196 2784 1248 2840 ills
1267 2784 1404 2861 protulit.

317 2889 386 2928 cmn
400 2869 501 2948 itaque
516 2866 618 2925 omnia
631 2863 794 2924 confundat
811 2877 840 2924 et
853 2867 971 2923 mutilet
983 2885 1036 2944 pro
1051 2866 1178 2925 libidine
1190 2865 1339 2941 Phranza,
1354 2888 1406 2926 nos
1452 2872 1453 2883 ¹

318 2974 353 3014 eo
372 2954 508 3033 neglecto
529 2971 569 3009 ex
588 2951 655 3010 aliis
676 2951 865 3031 scriptoribus
879 2966 942 3008 rem
955 2949 1030 3009 adeo
1044 2953 1231 3029 singularem
1244 2954 1407 3012 illustrabi-
1451 2976 1452 3005 t

317 3060 395 3099 mus.
437 3038 583 3096 Henricus
602 3055 720 3118 quoque
741 3033 919 3115 spondanus
939 3037 972 3092 in
991 3036 1220 3095 continuatione
1245 3041 1405 3097 Annaliun
1450 3098 1451 3127 ,

318 3128 394 3182 miro
414 3120 656 3196 anachronismo,
685 3130 718 3180 nt
741 3140 859 3199 semper
878 3120 968 3194 solet,
1002 3117 1059 3178 hoc
1077 3120 1160 3179 idem
1182 3120 1335 3182 iudicium
1354 3124 1404 3183 sub

318 3205 480 3268 Theodoro
493 3209 590 3287 ponit,
607 3204 662 3265 sub
676 3225 736 3287 quo
748 3204 902 3264 affectasse
913 3206 1074 3285 imperinm
1085 3204 1270 3266 Michaelem
1280 3211 1404 3268 Palaeo-
1449 3234 1450 3249 ¹

317 3294 424 3372 logum
440 3293 551 3352 scribit.
591 3293 669 3350 Aac.
1448 3326 1449 3371 ,

400 3412 432 3473 p.
448 3393 509 3457 100
522 3412 552 3450 r.
571 3392 602 3454 1.
645 3384 809 3468 Νικὸλαος]
837 3388 954 3450 Nioclai
977 3386 1067 3451 buius
1091 3409 1211 3473 quoqne
1235 3396 1354 3454 mentio
1376 3395 1402 3453 sn
1447 3410 1448 3493 p

318 3495 408 3557 snpra
422 3478 488 3535 icco
500 3477 685 3556 nimisquam
695 3484 843 3555 cormpto.
863 3477 1064 3557 populabitur
1072 3475 1148 3535 nihil
1162 3475 1250 3535 aliud
1260 3490 1308 3538 est
1320 3500 1402 3561 qum

317 3572 416 3622 custos
428 3559 467 3620 ad
479 3561 565 3619 aulea
576 3561 712 3638 ienuam,
733 3562 818 3620 clara
831 3571 976 3635 armatus,
1005 3580 1096 3641 quem
1107 3556 1300 3643 pupulcisssov
1310 3568 1401 3624 maai

318 3647 451 3706 clavium
464 3645 665 3724 appellabant.
707 3644 776 3706 vide
791 3646 975 3705 Glossarium
987 3647 1111 3707 Meursii
1129 3649 1162 3706 in
1174 3646 1367 3731 puyxlripm
1376 3660 1401 3708 et

317 3731 539 3814 populabitur:
565 3731 688 3791 Docss.

401 3848 443 3907 ib.
487 3852 607 3912 meiere
630 3843 708 3932 πρδς
740 3843 795 3912 τᾶν
827 3845 965 3929 βασιλέα]
1006 3868 1096 3929 saepe
1132 3848 1210 3909 alias
1250 3852 1346 3911 etiam
1373 3853 1399 3912 is

317 3936 518 4014 suspicionem
534 3932 664 3993 effectui
678 3934 798 4012 imperii
815 3933 870 3992 snb
883 3930 941 3993 hcc
956 3936 1078 3994 Batacic
1092 3936 1211 3994 venisse
1224 3935 1399 3997 Michaelm

315 4019 530 4098 Palaeologom
543 4016 640 4078 habeo
655 4038 696 4078 ex
708 4020 763 4076 Ge.
778 4015 961 4097 Pachymere
982 4019 1036 4078 lib.
1052 4020 1070 4082 1
1084 4038 1150 4098 cap.
1163 4023 1196 4098 7,
1222 4023 1280 4101 qai
1295 4021 1398 4081 ibidm

317 4104 440 4181 exponit
452 4102 602 4184 quomodo
615 4105 753 4163 Batacim
769 4106 958 4162 securitatem
968 4104 1026 4164 sibi
1040 4104 1175 4183 parabat.
1217 4108 1300 4167 Aac.

397 4219 438 4276 ib.
454 4229 518 4279 not.
533 4240 564 4280 r.
577 4225 608 4284 7.
650 4217 675 4302 ἦ
694 4216 745 4284 nl
764 4215 882 4301 μύδρον
900 4215 1065 4302 ἀπόδειξις]
1087 4222 1158 4280 feni
1176 4221 1335 4284 candentis
1349 4243 1399 4284 ex-

310 4298 510 4373 perimentum
529 4300 570 4362 ad
588 4306 775 4364 innocentiae
791 4306 1000 4385 probationem
1019 4318 1091 4367 nota
1111 4310 1204 4367 etiam
1219 4310 1347 4371 Graecis
1367 4328 1398 4369 er
