2934 4838
267 252 343 328 254
661 248 708 318 IN
733 246 959 317 GEORGlUll

269 436 360 500 quern
383 413 564 495 dapiferatus
586 410 734 473 honorem
755 431 809 471 seu
827 411 1043 491 praefecturam
1065 430 1196 471 mensae
1220 411 1286 471 iam
1306 410 1373 470 tun

269 505 326 564 sub
338 501 528 562 Constantino
542 500 653 578 Magno
666 502 709 557 ita
720 496 885 557 dutributis
899 497 1005 556 officiis
1016 500 1187 556 institutam
1201 509 1236 556 et
1247 499 1375 556 llusn'se

270 588 396 668 principi
417 587 617 664 assignatam,
638 594 673 643 ut
688 584 748 642 alia
765 583 848 656 aliis,
873 592 1000 640 testatur
1015 579 1204 661 Nicephorus
1222 583 1373 660 Gregoras

268 674 322 732 lib.
335 678 355 736 7
370 689 435 749 cap.
450 673 482 735 8.
523 668 594 729 vide
617 671 653 733 V.
677 669 712 726 0.
734 665 908 748 llarquardi
922 664 1046 725 Freheri
1061 669 1199 746 Origines
1216 668 1373 725 Palatinus

267 765 350 837 perte
365 756 383 817 1
400 774 466 833 cap·
482 753 522 819 16
536 762 695 814 renovatae
707 750 861 828 editionis,
884 762 915 810 et
927 753 1051 811 lleursii
1061 753 1162 812 Gloss.
1175 753 1212 810 in
1225 751 1375 833 Δομὲσει·

267 863 331 916 soe.
372 841 498 899 Douss.

231 976 240 993 .
352 942 383 1003 Ρ.
403 927 445 988 60
464 942 496 983 r·
512 919 565 987 15.
605 922 661 1000 εής
684 923 742 983 τοῦ
760 921 842 983 θεοῦ
863 912 1074 1001 οἷντιλήψεας]
1103 939 1170 980 non
1187 938 1286 996 erma,
1316 917 1374 979 sed

268 1008 320 1069 dei
331 1011 427 1087 gratia
442 1018 487 1067 eet
500 1026 578 1088 quae
589 1015 715 1086 pugnat.
756 1006 903 1084 Gregoras
916 1024 949 1085 Ρ.
963 1009 1005 1071 88
1027 1007 1069 1070 19
1091 1003 1131 1064 de
1152 1006 1259 1065 Alexio
1279 1006 1373 1064 Stra-

269 1107 300 1155 te
321 1114 339 1153 o
361 1092 422 1156 ulo.
463 1094 540 1151 Aur..

248 1225 252 1237 .
300 1113 386 1257 gpp.
400 1180 440 1243 68
455 1197 485 1236 r.
499 1173 552 1239 11.
594 1169 722 1254 ήμὲγας
741 1165 982 1253 Χαρτοολᾶριος]
1002 1169 1040 1232 de
1055 1169 1116 1233 hac
1133 1171 1368 1255 dignitatem-

271 1264 386 1325 sulamr
400 1262 586 1323 Glossarium
598 1259 732 1317 Meursii.
773 1260 898 1318 DousA.

353 1367 386 1427 Ρ.
403 1346 443 1412 65
460 1367 489 1409 v.
503 1342 535 1409 4.
576 1336 795 1424 παρεσπόνδει]
817 1343 858 1402 ol.
876 1345 964 1402 Anna
979 1340 1135 1401 Gomnena
1147 1343 1205 1403 lib.
1221 1350 1253 1410 7.
1295 1347 1366 1403 Ass..

354 1451 387 1512 Ρ.
405 1434 446 1495 67
466 1451 498 1491 v.
517 1431 568 1492 17.
609 1422 758 1508 θνήσκει]
787 1429 892 1486 mortis
919 1445 1055 1504 causam,
1085 1446 1180 1510 quam
1204 1427 1260 1488 hic
1282 1433 1371 1489 tacuit

273 1515 460 1596 Acropolita,
480 1522 581 1573 narrat
595 1513 742 1592 Gregoras
752 1532 784 1591 p.
797 1511 838 1575 44
859 1517 891 1577 7.
933 1513 1011 1570 Ana.

357 1597 399 1658 ib.
416 1620 448 1659 r.
465 1603 515 1665 18.
558 1591 735 1679 σοφρονιιιή
747 1619 779 1659 τε
791 1595 843 1659 sal
856 1589 982 1677 αἲρχαιή]
1002 1597 1106 1655 irenes
1120 1607 1152 1655 et
1165 1599 1294 1658 loannis
1309 1600 1374 1657 Dn-

276 1706 328 1746 cee
340 1686 484 1766 pietatem
495 1685 615 1765 aliaque
631 1681 671 1747 ad
681 1684 747 1761 pios
758 1701 830 1740 usus
842 1700 932 1761 opera
945 1683 1135 1761 prosequitur
1147 1683 1304 1763 Gregoras
1315 1685 1377 1743 ibi-

276 1769 356 1831 dem.
400 1767 438 1828 de
451 1768 509 1829 lrao
522 1766 628 1828 eadem
637 1764 896 1846 Pachymeriusin
910 1769 1051 1825 Historia.
1091 1768 1172 1826 Aen.

1461 628 1464 767 l

357 1875 389 1935 p·
404 1858 445 1920 68
459 1874 489 1919 ι’.
506 1856 556 1918 18.
598 1852 872 1916 consecraverim
894 1846 1015 1931 μωρόν]
1035 1853 1123 1910 Anne
1140 1853 1303 1911 comnena
1318 1853 1379 1912 lli-
1463 1832 1464 1845 ¹

276 1953 348 2002 ator.
361 1941 415 2001 lib.
428 1945 467 2005 2:
486 1936 539 2001 sel
558 1934 582 2018 ή
604 1937 734 2017 θατέρου
755 1930 861 2015 ἕτερον
876 1932 933 1998 ode
947 1931 1097 1999 ἒλᾶνθανι
1112 1936 1216 2016 σχέσις.
1261 1937 1320 2000 sal
1334 1939 1382 2012 εἰς

277 2026 364 2110 ἔργον
381 2021 468 2087 οὔπω
480 2020 517 2086 rol
534 2026 590 2102 τῆς
601 2016 726 2106 γνώμης
738 2014 916 2100 εἰσέβαινεν,
934 2018 1026 2083 ledda
1037 2044 1084 2084 τοι
1096 2022 1148 2083 sol
1160 2017 1267 2101 μαρδν
1279 2022 1381 2087 καὶὲ-

276 2131 331 2186 oue
348 2104 439 2172 adele
453 2103 643 2173 ἕπονθᾶνεεο
660 2105 769 2189 λέγων,
792 2107 822 2169 rl
837 2097 896 2168 olda
909 2100 1047 2186 ποιήσων
1062 2101 1158 2184 ήκειςς
1195 2109 1281 2166 Aee.

211 2274 217 2285 ι
357 2215 389 2274 Ρ.
404 2200 446 2260 70
460 2215 491 2253 v·
506 2195 558 2257 10.
599 2187 725 2268 τούτους
744 2186 800 2276 γᾶρ
819 2186 880 2273 sod
899 2189 1042 2272 βραχέος]
1065 2193 1207 2271 Gregoras
1229 2210 1262 2270 p.
1284 2197 1334 2259 37
1355 2190 1379 2257 4

273 2279 458 2343 brevissime.
500 2280 578 2337 Ara.

357 2382 389 2442 Ρ.
403 2363 444 2426 71
459 2382 490 2422 v.
505 2367 555 2426 18.
596 2357 891 2442 ὁπροιεοσὲβασεος]
914 2357 964 2418 ει11
984 2359 1171 2419 Glossarium
1186 2362 1319 2420 lienrsii
1341 2363 1379 2421 in

273 2445 331 2506 hac
351 2464 442 2506 vocet
463 2448 555 2506 facies
574 2464 682 2526 operae
703 2449 842 2525 pretium.
885 2446 999 2526 reliqua
1013 2455 1115 2503 auteur
1128 2465 1205 2528 quae
1217 2444 1268 2504 hic
1282 2467 1376 2505 oom-

273 2542 477 2591 memorantur
493 2530 673 2610 dignitatum
684 2532 807 2589 nomina
824 2540 854 2589 et
867 2529 1034 2589 functiones
1043 2527 1127 2589 idem
1139 2533 1249 2589 amicare
1262 2543 1377 2590 noster

275 2618 364 2695 longe
378 2614 564 2675 doctissimus
578 2617 641 2674 suis
653 2616 728 2674 locis
746 2617 966 2674 accuratissime
980 2615 1122 2694 explicat.
1165 2636 1251 2697 quem
1264 2618 1373 2674 virmn

275 2704 509 2783 quotiescunque
522 2701 656 2774 nomino,
678 2701 705 2759 si
719 2720 789 2758 eum
802 2698 902 2759 debito
916 2698 1028 2759 honore
1041 2703 1239 2782 encomiisque
1251 2700 1290 2756 ab
1306 2720 1375 2760 ex-

276 2789 385 2868 quisita
403 2795 433 2844 et
452 2785 612 2844 excellenti
632 2782 798 2844 eruditione
817 2787 948 2864 repetitis
963 2804 1024 2843 non
1039 2785 1185 2863 alliciam,
1205 2788 1276 2846 scito
1294 2789 1378 2869 quia

276 2874 330 2932 illa
340 2890 452 2930 nomen
465 2873 566 2952 ipsum
579 2870 709 2949 praefert
723 2889 844 2929 causam
858 2890 933 2929 esee.
975 2872 1097 2930 Duras.

360 2976 391 3037 p.
398 2960 441 3023 72
453 2976 486 3016 r.
496 2958 544 3022 17.
586 2953 625 3014 de
639 2956 794 3036 purpureis
807 2957 1019 3034 imperatorum
1032 2952 1176 3034 crepidis,
1197 2974 1237 3012 an
1251 2953 1379 3015 mist

278 3062 368 3122 snpra
388 3044 521 3121 egimus3
544 3042 618 3101 item
636 3040 678 3100 de
696 3044 770 3099 tiara
786 3052 816 3098 et
827 3041 908 3120 pileo
919 3038 959 3098 ad
972 3042 1145 3119 exemplum
1159 3038 1334 3118 pyramidis
1346 3044 1379 3100 in

279 3130 375 3186 altum
394 3136 534 3207 surgente
546 3138 576 3185 et
591 3128 769 3185 acuminato.
812 3123 850 3183 de
868 3144 928 3206 quo
943 3144 1024 3183 nunc
1037 3123 1204 3183 audiendus
1217 3124 1382 3204 Nicepho-
1462 3150 1463 3169 ι

280 3233 330 3271 rus
352 3213 499 3291 Gregoras
524 3211 579 3271 sub
603 3210 695 3269 finem
713 3208 855 3268 historiae
875 3229 962 3283 suae,
993 3212 1025 3268 in
1044 3212 1173 3268 Narnia:
1203 3209 1243 3267 de
1262 3215 1383 3289 eapitis

272 3317 365 3376 portu
388 3307 568 3378 tegumina,
587 3295 674 3374 opud
692 3298 856 3373 superiores
874 3297 1063 3373 imperatores
1086 3296 1177 3352 morie
1189 3304 1257 3351 eme
1271 3308 1314 3353 ut
1325 3318 1383 3355 ae·
1462 3338 1463 3353 r

278 3392 340 3440 tate
346 3385 543 3460 provectiores
554 3381 650 3440 αιιὶἑοί
659 3400 796 3458 proceres
805 3379 897 3459 pileis
911 3379 1072 3438 σεινὺίνιαειζι
1090 3373 1302 3460 (καλύπτραις
1318 3406 1384 3445 ae·
1462 3376 1463 3435 ζ

275 3468 404 3547 peplloe
423 3460 562 3548 lzoo'outc
582 3464 701 3547 σχήμα)
728 3467 819 3524 aerico
840 3467 923 3522 tecue
943 3476 1113 3536 cuneatur,
1138 3485 1198 3542 pru
1224 3465 1385 3543 Quare

276 3555 430 3632 cruceque.
475 3562 564 3631 atque
585 3549 660 3609 haec
673 3553 790 3629 imperii
806 3550 942 3630 symbola
956 3547 1061 3608 heberi
1075 3549 1176 3608 subdit
1189 3549 1381 3628 Logothete.

276 3635 359 3717 quod
371 3647 402 3695 et
412 3638 544 3695 insinuat
554 3633 702 3695 lohannes
715 3637 937 3694 Cantacueenue
949 3637 1059 3693 Hister.
1072 3637 1158 3696 Rom.
1171 3637 1237 3693 eive
1249 3638 1381 3714 Byzan·

275 3725 357 3780 tinae
370 3722 456 3785 lib.1
472 3741 536 3801 cap.
551 3720 586 3796 5,
610 3722 662 3779 ubi
682 3720 796 3800 pileum
815 3723 909 3779 istum
929 3721 1145 3799 συνεκδοχικῶς
1166 3718 1305 3798 lapidem
1320 3742 1382 3801 ap-

276 3808 386 3885 pellat,
409 3827 478 3866 cum
492 3809 525 3865 in
540 3808 624 3886 apice
636 3807 710 3886 pilei
720 3806 798 3885 lapis
815 3802 957 3864 visendae
969 3802 1184 3882 magnitudinis
1201 3823 1237 3862 ac
1253 3807 1380 3865 incom-

276 3892 418 3972 parabilis
441 3894 529 3971 pretii
548 3902 739 3971 spectaretur.
782 3891 894 3948 Graece
912 3899 957 3948 eet
972 3885 1027 3952 edo
1043 3888 1093 3951 tut
1106 3891 1159 3969 τῆς
1174 3894 1316 3968 κεφαλῆς
1330 3894 1381 3955 ll·

275 3983 345 4040 θον.
389 3986 420 4036 et
433 3976 488 4036 lib.
503 3974 524 4038 1
539 3996 605 4056 cap·
619 3981 660 4042 87
677 3977 755 4058 λίθῳ
769 3973 991 4056 κεκοσμημένος
1002 3978 1106 4048 πῖλος,
1131 3984 1255 4032 notante
1277 3977 1319 4034 V.
1341 3978 1377 4037 (l.

275 4062 383 4120 Iacobo
396 4063 532 4121 Pontano
547 4062 579 4124 S.
595 4065 639 4136 1.,
661 4064 709 4120 cui
721 4061 809 4117 illum
822 4070 973 4118 auctorem
984 4060 1290 4139 praestantissimum,
1315 4057 1378 4117 lra-

275 4155 380 4204 cteuus
399 4148 552 4224 ignotum,
579 4147 647 4206 luce
666 4165 763 4224 nuper
785 4143 946 4219 donatum,
970 4156 1003 4202 ut
1026 4154 1056 4201 et
1073 4144 1195 4221 Georgii
1215 4142 1378 4202 Phrenzae

275 4225 443 4288 chmnteon
451 4274 460 4305 ‚
484 4230 638 4292 debemus.
680 4230 736 4290 sed
749 4231 856 4288 Latine
870 4240 1004 4305 tentum,
1027 4227 1109 4310 quod
1121 4231 1209 4287 uuice
1222 4226 1379 4290 dolemus.
