2934 4838
377 327 679 397 acuoromsat
700 328 853 397 NOTAE.
1078 333 1151 406 241

7 514 174 641 chop.
185 493 229 558 ει
243 493 315 559 ..ο
354 486 390 556 u·
404 487 439 555 rt
451 486 558 556 ...ο
570 493 691 573 utro
702 487 886 575 domne]
907 492 1106 577 Rphnemtus
1118 501 1152 560 r..

155 581 207 639 'oo

222 652 297 742 μεθ’
313 654 352 723 ὃν
362 652 502 741 sarcines
512 659 656 723 Acirim
668 662 730 724 τοῖν
743 657 778 724 λν
787 655 875 725 sedin

221 749 330 824 κλῆσιν
338 737 447 825 Ὲροῆς
459 741 607 825 ον’ναιμος
620 739 665 809 ὃν
677 746 877 825 Βαλῦοολνοο,

222 823 302 935 datie
317 824 437 910 lireio.
458 820 755 936 εὖηινιξιῦπηῷοιι.

222 937 298 995 cepoe
310 912 344 977 dl
358 932 521 997 erparoyoe
535 922 701 994 ιοσθονης,
719 915 879 996 τολμητλας

221 994 387 1081 ὀξύρροπος
399 1021 431 1062 τι
442 995 517 1080 πηός
532 990 628 1099 rodger
640 992 822 1077 dorcadion,

222 1082 277 1147 ιιαλ
294 1076 473 1164 στρατιώτας
485 1086 634 1167 γενναὸας
647 1081 820 1165 ἆσμαλλονς

212 1161 364 1248 Ἕλληνας
378 1162 491 1249 ἄνδρας
504 1168 755 1250 συντεταγμένους
769 1166 861 1253 ἆγον,

221 1249 375 1317 inituros
390 1249 530 1336 φάλαγγα
542 1252 594 1316 zet
608 1244 787 1335 νικηφόρον.
827 1253 907 1313 Aur..
1042 1318 1054 1325 ,

135 1333 186 1394 ib.
207 1356 238 1396 r.
260 1340 309 1401 11.
351 1336 385 1401 λν
406 1335 464 1419 γαρ
483 1334 518 1402 rei
536 1340 598 1402 τᾶν
611 1340 788 1402 Λεοντίνων
806 1332 881 1402 im
901 1328 977 1402 ὅσοι
995 1328 1150 1419 celeriter

14 1427 169 1505 «poyeio
189 1414 435 1503 νατηνᾶγιιασεν]
457 1433 611 1504 corruptus
629 1424 725 1484 locus.
766 1443 890 1484 sensmn
908 1423 1149 1506 qualemcunque

14 1508 272 1587 expressimus.
298 1509 333 1566 iu
348 1527 408 1589 quo
420 1517 520 1567 tamen
533 1509 683 1568 nobismet
695 1509 768 1588 ipsis
781 1526 843 1568 uon
858 1508 1067 1569 satisfecimus.
1092 1529 1150 1568 ne-

15 1613 113 1675 que
137 1592 231 1650 etiam
250 1594 365 1652 amicis.
410 1611 536 1673 quorum
555 1595 694 1673 princeps
713 1596 922 1674 Dusammque
942 1612 977 1652 ao
995 1596 1150 1653 Musamm

18 1696 159 1750 amor,
179 1678 283 1736 Petrus
301 1678 482 1751 Scriverius,
503 1676 586 1736 aliud
606 1680 772 1757 suspicatus
793 1679 886 1737 latere
907 1675 1045 1737 adhibuit
1055 1679 1151 1737 fami·

17 1763 250 1822 liarissimum
262 1762 321 1821 sibi
334 1781 582 1843 communemque
594 1765 725 1837 amicum
736 1773 871 1822 nostrum
882 1764 1041 1821 Danielem
1052 1764 1150 1823 llein·

23 1850 153 1919 sium
177 1848 225 1904 cui
245 1848 308 1906 viro
328 1846 403 1928 quid
420 1849 565 1922 Graecae,
586 1847 659 1929 quid
671 1850 796 1907 Latinae
809 1845 938 1906 debeant
953 1847 1086 1923 litteras,
1107 1849 1149 1907 li·

22 1931 217 1992 matissimi
234 1932 297 1990 eius
314 1933 429 2011 ingenii
444 1933 628 1992 immortales
649 1933 747 1992 foetus
769 1951 1014 2012 summorumque
1030 1950 1065 1990 ao
1078 1951 1149 1991 eru-

28 2015 272 2076 ditissimorum
292 2013 450 2076 hominum
464 2016 502 2076 de
514 2018 568 2077 illo
582 2015 691 2077 indicia
709 2012 827 2076 abunde
842 2026 1001 2091 testantur,
1026 2026 1057 2075 et
1077 2036 1149 2076 seu·

28 2105 106 2162 tiet
121 2102 260 2160 maximo
275 2120 345 2160 cum
358 2102 559 2161 emolumento
573 2102 741 2182 posteritas.
782 2103 809 2161 is
827 2103 994 2161 coniectura
1011 2117 1051 2159 ex
1067 2111 1148 2159 tem-

26 2206 127 2268 pore
148 2195 237 2260 nata,
267 2197 297 2245 et
319 2184 420 2245 diviua
441 2205 562 2266 prorsus
583 2186 646 2267 (ite
664 2207 714 2246 me
736 2181 811 2245 deus
832 2184 933 2263 emet)
955 2180 1148 2261 divinatione,

7 2298 14 2317 ι
31 2271 337 2350 depravatissimum
351 2269 432 2330 himo
444 2273 545 2331 locum
561 2273 604 2330 ita
617 2269 858 2352 interpolantium
873 2269 968 2329 dixit:
989 2268 1023 2333 ἕν
1034 2265 1092 2352 yolo
1107 2271 1150 2356 cpi

29 2360 118 2420 τῶν
142 2355 319 2417 Λεοντίνων
337 2352 418 2420 iric
437 2351 475 2420 ου’
491 2350 589 2436 μόνον
604 2352 713 2430 σπάνις
727 2350 840 2430 ὕδατος
854 2351 926 2431 rode
937 2349 1150 2460 politeuma

32 2438 215 2517 ὃξέιιανσι,
234 2433 318 2518 λιμός
330 2462 373 2513 τε,
396 2435 471 2504 ὅσοι
484 2447 683 2525 σκατοφαγεῖν
695 2434 919 2523 κατηνάγκασεν
932 2435 994 2505 und
1008 2433 1148 2503 donicion

32 2523 107 2589 zui
127 2522 311 2602 λφιστρλδαν
331 2519 443 2589 αὐτῶν.
484 2524 542 2585 hoc
555 2536 616 2585 est:
639 2528 672 2586 in
684 2528 902 2586 Leontinorum
914 2529 1025 2606 qm'ppe
1037 2525 1148 2605 oppido

35 2607 147 2670 haud
155 2617 274 2667 tanturn
284 2630 383 2689 aquae
388 2612 519 2689 penuria
527 2611 742 2689 praecidio-ior
752 2610 878 2693 urgebat
890 2611 1050 2691 ocsurnes,
1072 2610 1147 2670 adeo

38 2706 84 2755 ut
102 2691 274 2771 clypeorum
291 2705 320 2752 et
333 2715 476 2775 nugonem
491 2697 573 2754 coria
587 2697 774 2769 nrcnderent,
795 2718 898 2756 voum
910 2699 1000 2754 ete'unr
1014 2706 1070 2756 etc.
1096 2694 1147 2754 vel

38 2778 91 2838 ad
107 2778 236 2837 verbum
249 2778 323 2838 adeo
340 2790 374 2838 ut
389 2779 500 2859 clypeis
512 2801 551 2839 ac
563 2783 647 2860 sagro
660 2784 742 2841 coria
758 2782 942 2842 manducare
961 2790 1144 2862 cogerentur.

42 2863 90 2924 de
110 2865 198 2921 cuius
213 2864 350 2924 lectionis
362 2867 484 2924 veritate
495 2885 535 2924 ne
548 2863 662 2925 dubita.
703 2869 826 2926 Ποσει.

138 2967 171 3027 p·
185 2951 226 3013 32
241 2968 271 3006 v·
285 2951 316 3011 6.
358 2947 480 3031 λιγοὶτος
492 2969 554 3009 vox
566 2952 814 3022 Latino-Graeca,
836 2945 963 3027 legonus.
996 2966 1072 3028 quae
1086 2963 1147 3004 vox

43 3043 80 3092 et
95 3029 181 3112 apud
193 3032 269 3092 alios
280 3035 409 3094 Graecos
419 3037 577 3115 scriptores
587 3036 724 3093 occurrit.
765 3031 835 3093 ride
847 3030 1032 3090 Glossarium
1043 3028 1147 3089 Meur-

41 3119 100 3178 sii.
145 3119 270 3177 Ποσει.

138 3199 182 3261 ib·
228 3195 395 3284 Πιλᾶγιον]
422 3203 480 3265 tuit
499 3201 550 3264 hio
569 3197 710 3282 Pelagius
731 3195 887 3282 episcopus
907 3188 1066 3255 cardinalis
1088 3194 1146 3254 Al·

42 3286 167 3362 banus,
187 3287 305 3366 legatus
325 3289 358 3345 in
379 3289 466 3368 Syria
489 3300 519 3348 et
540 3288 693 3369 Aegypto,
714 3288 767 3346 ubi
788 3286 877 3359 obiit,
898 3281 953 3341 sub
974 3276 1106 3338 Honorio
1124 3283 1144 3342 3

43 3372 163 3451 pontif.
177 3373 263 3430 Rom.
279 3373 433 3452 presbyter
449 3373 608 3433 cardinalis
623 3373 720 3446 tituli,
742 3373 806 3432 sire
824 3364 966 3429 ecclesiae
981 3364 1014 3424 S.
1029 3360 1145 3422 Praxe-

46 3456 111 3515 dis.
156 3454 226 3515 ride
243 3457 401 3517 Ouufrium
419 3460 599 3517 Pauriuium
614 3468 644 3517 et
658 3456 818 3516 Alfonsum
834 3446 1006 3513 ciaconium
1020 3444 1051 3506 in
1066 3466 1145 3527 pon*

44 3542 167 3599 tilicum
190 3551 220 3601 et
240 3539 437 3601 cardinalium
454 3541 589 3602 historia.
631 3540 755 3601 lacubus
770 3538 807 3598 de
822 3533 950 3598 Vitriaoo
964 3532 1145 3594 Acconensis

48 3629 132 3685 circu
152 3626 206 3684 illa
226 3636 361 3706 tempora
381 3628 582 3709 episcopusin
596 3627 720 3707 epistola
735 3623 775 3683 ad
787 3618 985 3700 [lotharingos
998 3635 1083 3691 suos,
1106 3614 1144 3674 de

47 3712 191 3790 captione
214 3713 388 3770 Damiatuet
417 3714 513 3791 igitur
535 3713 621 3770 nonis
645 3709 837 3780 Novembrir,
866 3706 1015 3766 eolvotore
1038 3699 1146 3759 mundi

47 3805 210 3875 regnante,
231 3795 350 3855 domino
371 3798 461 3856 Petro
477 3796 650 3856 Albunemi
666 3797 800 3874 episcopo
816 3785 1086 3872 monocerotis
1100 3784 1145 3842 le·

45 3891 124 3957 gato
140 3880 299 3939 eolennr’ter
314 3880 473 3959 vigilante,
493 3901 573 3941 anno
587 3881 707 3960 grutem
723 3881 802 3946 1219
820 3897 857 3936 οα
878 3885 910 3933 tu
923 3881 967 3931 est
981 3866 1141 3929 Damt‘ata·

47 3966 177 4023 Petrum
195 3962 277 4024 huno
297 3963 426 4024 eundem
445 3985 513 4025 cum
530 3966 653 4044 Pelagio
666 3961 786 4023 credere
799 3898 877 4043 quid
888 3947 988 4017 retati
1032 3966 1070 4013 an
1082 3968 1145 4012 nou

52 4058 82 4107 et
104 4051 149 4108 sic
173 4047 421 4109 rescribendumi
463 4048 579 4129 Pelagii
596 4048 775 4108 Albunensis
797 4038 928 4126 episcopi
941 4060 977 4099 ao
990 4038 1081 4118 legati
1096 4035 1145 4096 di·

52 4144 130 4192 serte
147 4137 286 4193 meminit
296 4136 328 4192 iu
343 4132 450 4193 eadem
461 4132 585 4193 historia
599 4134 744 4193 oliverius
756 4128 948 4192 scholasticus
960 4119 1145 4183 Colonienris

53 4220 140 4297 epist.
169 4217 209 4277 ad
236 4219 452 4298 Engelbertum
480 4216 653 4303 archiepisc.
680 4217 783 4275 Colon.
812 4225 843 4274 et
868 4207 1038 4270 Matthaeus
1060 4208 1146 4267 Paris

53 4304 169 4380 Anglus
190 4306 223 4362 iu
242 4301 367 4363 historia
389 4305 503 4362 maiore
526 4301 565 4361 ad
586 4321 698 4361 anuum
723 4302 814 4365 1219.
856 4296 967 4377 aliique
987 4290 1146 4373 scriptores

94 4394 194 4465 Geerg.
215 4395 336 4465 Aeropei.
358 4393 450 4447 Διιαλ.
903 4380 941 4445 16
