2934 4838
424 319 724 389 acuotoumtt
746 320 901 389 NOTAE.
1128 324 1202 397 233

109 487 264 561 ταμαθεῖν
290 482 355 550 leat
374 481 414 567 δὴ
436 479 699 569 salvatorium.
741 482 905 547 decadem
926 489 1053 549 Ioannes
1075 490 1203 552 Tzetzes

112 565 244 628 Chiliad.
256 573 276 634 8
288 572 463 636 vaeneat.
506 574 583 631 Aac.

199 661 313 733 pase.
327 660 376 720 19.
410 652 468 735 τὴν
483 649 736 738 causaturus]
754 654 1204 719 abominandamorun-

112 734 172 797 dro
188 759 218 818 p·
233 743 294 804 829
319 744 349 803 1.
391 743 470 800 Aac.

198 822 240 882 ἱό.
256 845 286 883 v·
300 830 353 891 20.
394 828 427 885 in
445 824 502 885 boo
518 819 752 912 εἷνδρωεεδισμῷ
764 823 986 906 εεῖνῬωμα1ων
1001 838 1030 886 et
1042 830 1206 888 miserabili

113 903 283 987 direptione
308 911 389 969 urbis
409 908 626 991 Philippopolis
648 913 744 993 (quae
767 914 804 971 ab
824 911 992 971 Alexandri
1006 915 1108 991 Magni
1123 925 1207 993 patre

108 1010 225 1052 nomen
243 998 358 1074 accepit
379 1006 408 1053 et
427 996 627 1076 incunabula)
649 998 763 1079 antiqui
781 1001 938 1077 scriptores
956 1017 1024 1055 oum
1040 998 1207 1077 Logotheta

110 1082 316 1138 consentiunt.
358 1083 436 1139 iuter
465 1093 595 1141 caeteros
620 1085 703 1141 testis
731 1076 882 1161 αὐτόπτης
903 1079 1083 1141 Godefridus
1109 1085 1207 1143 vitle-

108 1162 306 1239 Hardniuns,
326 1163 538 1226 mareschallus
554 1169 751 1246 Campaniae,
771 1170 808 1227 V.
823 1172 850 1226 N
859 1186 867 1225 ε
890 1171 931 1226 ait
947 1170 1028 1225 euim
1041 1164 1206 1228 Iohannem

109 1250 253 1307 Asanam
272 1251 357 1328 pulso
374 1253 511 1311 Reiuerio
533 1252 593 1332 (an
608 1251 753 1333 Renato)·
765 1251 803 1312 de
820 1251 960 1329 Utrecht,
982 1256 1034 1334 qni
1048 1256 1111 1311 eins
1123 1255 1206 1313 urbis

108 1336 316 1413 principatum
332 1336 505 1396 aBalduino
519 1339 697 1417 imperatore
710 1349 873 1418 acceperet,
894 1341 993 1418 ipsam
1008 1336 1086 1396 hauc
1103 1339 1209 1397 urbem

111 1429 219 1477 contra
239 1418 329 1478 fidem
348 1418 447 1480 datam
466 1421 601 1483 funditus
621 1426 778 1499 evertisse,
805 1427 896 1504 inqua
916 1426 1029 1483 incolas
1047 1425 1209 1503 plusquam

109 1503 270 1562 barbarica
298 1506 378 1564 rabie
405 1510 560 1582 saeviisse,
589 1510 776 1588 interemptis
805 1507 964 1569 crudeliter
985 1507 1207 1588 archiepiscopo

110 1590 363 1671 proceribusque,
385 1610 420 1651 ao
436 1596 559 1652 caeteris
575 1595 607 1651 in
624 1597 799 1653 servitutem
812 1593 957 1654 abductis.
999 1597 1122 1654 Dauos.

198 1693 231 1752 p·
246 1674 286 1739 24
301 1695 330 1733 v.
348 1680 395 1741 18.
436 1673 638 1760 κουφότερον]
662 1677 807 1738 Choniata
821 1700 853 1758 p.
865 1682 928 1743 812
949 1681 1001 1742 20·
1044 1684 1122 1739 Aac.

198 1757 240 1818 t'b·
257 1779 286 1817 v·
306 1764 354 1824 16.
396 1759 601 1842 Boldouivov]
631 1762 777 1823 Choniata
799 1785 831 1843 p·
853 1763 916 1827 814
937 1767 968 1826 3.
1011 1767 1054 1823 sic
1078 1764 1206 1824 vinculis

111 1855 253 1902 oneratus
272 1845 362 1924 longo
382 1858 515 1927 tempore
539 1849 672 1907 Ternobi
693 1850 761 1908 tait.
805 1869 874 1907 cum
896 1858 995 1906 autem
1013 1852 1152 1928 Aspietas
1166 1847 1206 1906 ad

111 1929 237 1989 Latinos
258 1927 429 2007 defecisset,
452 1938 579 1993 Ioannes
591 1937 638 1992 vir
651 1944 765 1993 astutus
779 1944 808 1993 et
824 1932 925 1993 dolore
938 1935 970 1991 in
986 1932 1050 1993 dies
1064 1937 1205 2012 ingrave-

110 2024 215 2072 scente
237 2035 314 2093 pene
335 2018 367 2073 in
385 2019 499 2077 rabiem
518 2029 618 2094 aetus,
638 2018 787 2077 Balduino
801 2017 938 2078 eductae
955 2015 1206 2097 carcerepedesa

113 2099 242 2176 genibus
263 2110 293 2158 et
314 2121 422 2162 manns
445 2123 463 2161 a
481 2099 613 2161 brachiis
632 2106 730 2162 securi
746 2106 910 2183 amputari,
933 2101 1042 2162 deinde
1056 2107 1157 2183 ipsum
1174 2106 1207 2161 in

112 2184 227 2242 callem
245 2189 432 2265 praecipitari
449 2188 550 2259 iubet3
579 2188 629 2246 abi
648 2191 735 2247 tertio
757 2187 880 2247 demum
900 2187 948 2247 die
967 2209 1035 2248 esca
1052 2190 1208 2247 volucrum

113 2270 323 2329 miserabiliter
334 2275 493 2351 expiravit.
535 2270 608 2330 hinc
621 2284 704 2352 patet
716 2283 862 2354 qnantum
872 2275 1014 2332 fallantur
1027 2277 1049 2332 ii
1067 2277 1119 2356 qui
1134 2276 1208 2332 Bnl-

114 2351 242 2413 duiuum
262 2356 347 2414 fatali
369 2367 466 2417 morte
486 2355 648 2417 decessisse
668 2368 720 2416 ant
734 2361 765 2416 in
777 2358 858 2417 bello
871 2360 1059 2419 interfectum
1075 2358 1207 2419 tradunt.

114 2449 148 2497 et
160 2450 303 2520 qnantum
316 2446 409 2520 garrit
419 2441 587 2502 Dorotheus
600 2444 876 2519 Monembasiensis,
899 2447 951 2526 qui
965 2465 1034 2504 enm
1045 2448 1078 2504 iu
1087 2448 1207 2505 Oriente

113 2536 184 2604 post
196 2524 338 2584 tredecim
351 2547 444 2587 annos
458 2548 526 2588 cum
538 2541 685 2609 pugnaret
697 2528 838 2590 adversus
849 2527 1044 2590 Theodorum
1055 2533 1207 2590 hascarim

115 2608 291 2669 defunctum
304 2614 421 2671 scribit:
439 2614 491 2676 sol
505 2611 654 2690 ἐσύναξαν
667 2613 806 2691 poricere
819 2609 925 2693 πολλά,
943 2615 993 2679 aad
1004 2617 1117 2703 ἐπῇρεν
1128 2610 1208 2679 adad

113 2692 136 2758 o‘
157 2693 298 2775 βασιλεύς
320 2695 338 2760 ὁ
359 2692 560 2775 Βαλδουῗνος,
586 2699 638 2762 uod
661 2699 803 2794 Ξειέφσεν
825 2701 869 2776 εἰς
888 2699 945 2782 τήν
966 2694 1134 2781 demetria,
1155 2701 1208 2763 sol

112 2778 228 2861 Ιπῆγεν
244 2779 352 2862 alcedo
368 2783 599 2864 Φελαδίλφεεαν,
621 2785 670 2849 sol
686 2785 816 2867 inolitas
831 2785 903 2867 μετὰ
919 2786 978 2852 soii
989 2787 1134 2870 βασιλέως
1146 2790 1209 2849 τῶν

112 2862 278 2945 Ῥωμαίων,
307 2866 359 2929 sal
378 2863 521 2950 ἐμάχετον
545 2871 695 2953 δεκατρεῖς
716 2868 862 2953 χρόνους,
888 2870 941 2934 sai
963 2868 1208 2945 1εεῖᾶεε1θανεν,

115 2949 169 3012 stol
192 2948 271 3024 sanie
289 2949 345 3032 μὲν
364 2954 470 3034 λέγοιεν
492 2950 539 3018 ὅτε
555 2949 691 3019 initiarat
704 2955 759 3020 τόν
772 2952 878 3019 sorvis·
892 2952 1048 3030 dismas,
1070 2952 1155 3017 ditos
1174 2952 1208 3017 di

113 3034 223 3115 λὲγουν
239 3030 284 3099 ὅτε
300 3038 342 3111 εἰς
354 3034 407 3100 adv
420 3036 557 3103 θάνατον
570 3035 738 3119 lonosaa'bu.
779 3041 929 3099 Sabellins
947 3058 1066 3123 qnoque
1085 3037 1123 3096 de
1142 3040 1206 3097 eius

114 3131 211 3180 morte
233 3125 314 3181 varia
334 3122 425 3183 tradit
447 3126 500 3184 lib.
518 3129 538 3190 6
556 3124 691 3184 Ennead.
706 3128 744 3188 9:
766 3123 957 3194 Balduinua,
978 3126 1034 3203 qui
1047 3132 1120 3201 poet
1138 3123 1207 3201 By-

114 3208 249 3265 zantium
265 3228 286 3264 a
306 3208 406 3268 Gallu
420 3221 448 3267 et
465 3212 583 3270 Venetis
596 3221 717 3290 captam
725 3210 836 3290 suerat
849 3211 1010 3287 imperator
1022 3207 1207 3278 dechtrutue,

113 3293 195 3349 iutra
206 3313 321 3352 aunum
333 3316 391 3373 quo
396 3295 467 3374 suit
479 3297 602 3374 impar-io
607 3297 722 3375 potitus
734 3298 798 3354 vito
811 3295 942 3353 decessit
983 3303 1055 3350 sunt
1067 3293 1121 3371 qui
1131 3294 1207 3350 sori-

115 3374 192 3434 hunt
202 3379 247 3436 ad
258 3378 514 3458 Hadrianopolim
528 3383 640 3440 vietum
658 3383 691 3438 in
705 3380 834 3439 doetium
845 3387 1019 3458 potestatem
1033 3379 1146 3435 ventam
1158 3387 1208 3434 at-

114 3481 174 3542 que
193 3465 227 3521 in
246 3464 376 3523 viriculis
395 3475 487 3523 morte
502 3476 724 3544 consumptum,
745 3464 803 3523 alii
815 3464 961 3542 Byzantii
974 3465 1062 3521 αίιιεει
1068 3462 1141 3541 scito
1156 3463 1209 3520 ‹te-

105 3547 265 3628 sametmn.
311 3548 395 3609 addit
407 3549 551 3609 choniata
564 3551 742 3609 lectissimos
755 3551 930 3608 Latinomm
943 3550 1060 3630 equites
1073 3560 1102 3605 et
1115 3545 1210 3607 hastis

114 3632 269 3693 vibrandis
291 3636 423 3694 celebres
443 3655 478 3694 eo
499 3638 530 3693 in
551 3636 689 3694 conflictu
710 3632 869 3711 cecidisse,
900 3644 930 3695 et
954 3635 1047 3693 Pleee
1070 3634 1209 3690 comitem

115 3715 297 3793 laodomam,
319 3719 548 3780 callidissimum
570 3720 686 3778 malum
708 3729 739 3778 et
761 3722 898 3778 amnium
916 3721 1120 3778 Romanarum
1145 3718 1208 3775 cla-

117 3801 201 3861 dium
222 3807 353 3884 primum
375 3816 541 3881 auctorem,
572 3807 765 3865 venetiarum
784 3802 891 3864 ducem
907 3801 1096 3877 Dandnlnm,
1124 3800 1208 3860 clade

117 3891 266 3949 exercitus
285 3909 326 3949 ex
345 3891 529 3970 fugientibus
547 3893 680 3970 cognita,
702 3892 805 3949 statim
820 3891 970 3950 conversis
985 3889 1097 3946 fraenis
1111 3890 1142 3945 in
1158 3907 1210 3945 ca,

118 3982 179 4032 stra
199 3994 372 4055 properasse
394 3986 425 4035 et
445 3978 625 4056 Byzantium
648 3974 789 4051 rediisse,
810 3975 958 4034 intestinis
976 3974 1048 4052 suga
1064 3983 1106 4032 tot
1120 3992 1212 4051 para-

116 4076 277 4137 sangaram
297 4064 392 4139 ruptis
413 4072 443 4120 at
463 4072 559 4121 scroto
584 4064 617 4120 iu
642 4063 825 4119 immensum
845 4060 1019 4118 tumefacto.
1063 4059 1209 4137 Gregoras

119 4143 173 4203 lib·
190 4148 206 4208 1
222 4166 253 4226 p·
272 4145 311 4210 15
333 4151 385 4209 21.
427 4144 626 4226 Ephraemina
642 4147 802 4226 Byzantius
818 4148 851 4205 in
866 4141 1030 4204 Chmnico:

280 4227 298 4293 d
312 4223 345 4294 δ’
358 4224 496 4311 ducisne
512 4230 631 4294 didam
648 4232 810 4311 πρεσβείας
823 4226 940 4311 λόγους,

281 4313 334 4383 mi
346 4311 531 4401 συμμαχεεόε
545 4311 702 4384 natata
716 4314 818 4401 iulide
832 4316 949 4397 στῖφος,
