<?xml version="1.0" encoding="UTF-8"?>
<!DOCTYPE html PUBLIC "-//W3C//DTD XHTML 1.0 Transitional//EN"
    "http://www.w3.org/TR/xhtml1/DTD/xhtml1-transitional.dtd">
<html xmlns="http://www.w3.org/1999/xhtml" xml:lang="en" lang="en">
 <head>
  <title>
</title>
<meta http-equiv="Content-Type" content="text/html;charset=utf-8" />
  <meta name='ocr-system' content='tesseract 3.04.00' />
  <meta name='ocr-capabilities' content='ocr_page ocr_carea ocr_par ocr_line ocrx_word'/>
</head>
<body>
  <div class='ocr_page' id='page_1' title='image "./corpusscriptoru01berlgoog_0392.png"; bbox 0 0 2986 4838; ppageno 0'>
   <div class='ocr_carea' id='block_1_1' title="bbox 8 1194 1244 1599">
    <p class='ocr_par' dir='ltr' id='par_1_1' title="bbox 8 1194 1244 1599">
     <span class='ocr_line' id='line_1_1' title="bbox 8 1194 1244 1350; baseline -0.015 1"><span class='ocrx_word' id='word_1_1' title='bbox 8 1320 9 1325; x_wconf 21' lang='grc' dir='ltr'>ψ</span> <span class='ocrx_word' id='word_1_2' title='bbox 136 1194 1244 1350; x_wconf 72' lang='grc' dir='ltr'>ΤΗΕουοΒιῡουεΑΕ</span> 
     </span>
     <span class='ocr_line' id='line_1_2' title="bbox 423 1503 960 1599; baseline -0.004 -1"><span class='ocrx_word' id='word_1_3' title='bbox 423 1503 960 1599; x_wconf 87' lang='lat' dir='ltr'><strong>PRAEFATIO.</strong></span> 
     </span>
    </p>
   </div>
   <div class='ocr_carea' id='block_1_2' title="bbox 584 1801 792 1816">
    <p class='ocr_par' dir='ltr' id='par_1_2' title="bbox 584 1801 792 1816">
     <span class='ocr_line' id='line_1_3' title="bbox 584 1801 792 1816; baseline -0.01 2"><span class='ocrx_word' id='word_1_4' title='bbox 584 1801 792 1816; x_wconf 61' lang='lat' dir='ltr'><strong>-·---fi-—-</strong></span> 
     </span>
    </p>
   </div>
   <div class='ocr_carea' id='block_1_3' title="bbox 141 1997 1247 2375">
    <p class='ocr_par' dir='ltr' id='par_1_3' title="bbox 141 1997 1247 2375">
     <span class='ocr_line' id='line_1_4' title="bbox 144 1997 1247 2135; baseline -0.015 -23"><span class='ocrx_word' id='word_1_5' title='bbox 144 1997 257 2135; x_wconf 77' lang='lat' dir='ltr'><strong>Quod</strong></span> <span class='ocrx_word' id='word_1_6' title='bbox 275 2045 312 2107; x_wconf 84' lang='lat' dir='ltr'><strong>da</strong></span> <span class='ocrx_word' id='word_1_7' title='bbox 328 2045 431 2108; x_wconf 81' lang='lat' dir='ltr'><strong>Africa</strong></span> <span class='ocrx_word' id='word_1_8' title='bbox 449 2045 541 2124; x_wconf 86' lang='lat' dir='ltr'><strong>alirn,</strong></span> <span class='ocrx_word' id='word_1_9' title='bbox 567 2047 693 2107; x_wconf 75' lang='lat' dir='ltr'><strong>mallem</strong></span> <span class='ocrx_word' id='word_1_10' title='bbox 710 2043 803 2106; x_wconf 85' lang='lat' dir='ltr'><strong>hodie</strong></span> <span class='ocrx_word' id='word_1_11' title='bbox 824 2042 863 2104; x_wconf 87' lang='lat' dir='ltr'><strong>de</strong></span> <span class='ocrx_word' id='word_1_12' title='bbox 879 2040 1005 2103; x_wconf 76' lang='lat' dir='ltr'><strong>Graecia</strong></span> <span class='ocrx_word' id='word_1_13' title='bbox 1021 2035 1185 2113; x_wconf 76' lang='lat' dir='ltr'><strong>dicaretur,</strong></span> <span class='ocrx_word' id='word_1_14' title='bbox 1213 2046 1247 2096; x_wconf 81' lang='lat' dir='ltr'><strong>ut</strong></span> 
     </span>
     <span class='ocr_line' id='line_1_5' title="bbox 141 2159 1246 2248; baseline -0.017 -17"><span class='ocrx_word' id='word_1_15' title='bbox 141 2192 178 2231; x_wconf 89' lang='lat' dir='ltr'><strong>ea</strong></span> <span class='ocrx_word' id='word_1_16' title='bbox 200 2170 315 2231; x_wconf 79' lang='lat' dir='ltr'><strong>scilicet</strong></span> <span class='ocrx_word' id='word_1_17' title='bbox 336 2167 425 2227; x_wconf 86' lang='lat' dir='ltr'><strong>nobis</strong></span> <span class='ocrx_word' id='word_1_18' title='bbox 446 2164 564 2248; x_wconf 89' lang='lat' dir='ltr'><strong>aliquid</strong></span> <span class='ocrx_word' id='word_1_19' title='bbox 580 2166 653 2224; x_wconf 80' lang='lat' dir='ltr'><strong>navi</strong></span> <span class='ocrx_word' id='word_1_20' title='bbox 675 2162 803 2225; x_wconf 75' lang='lat' dir='ltr'><strong>subinde</strong></span> <span class='ocrx_word' id='word_1_21' title='bbox 822 2159 1029 2243; x_wconf 73' lang='lat' dir='ltr'><strong>suppeditaret</strong></span> <span class='ocrx_word' id='word_1_22' title='bbox 1056 2165 1246 2237; x_wconf 83' lang='lat' dir='ltr'><strong>pareretque.</strong></span> 
     </span>
     <span class='ocr_line' id='line_1_6' title="bbox 141 2277 1245 2375; baseline -0.014 -26"><span class='ocrx_word' id='word_1_23' title='bbox 141 2288 226 2375; x_wconf 90' lang='lat' dir='ltr'><strong>quod</strong></span> <span class='ocrx_word' id='word_1_24' title='bbox 246 2284 373 2370; x_wconf 85' lang='lat' dir='ltr'><strong>quidam</strong></span> <span class='ocrx_word' id='word_1_25' title='bbox 392 2296 422 2346; x_wconf 83' lang='lat' dir='ltr'><strong>te</strong></span> <span class='ocrx_word' id='word_1_26' title='bbox 441 2286 529 2344; x_wconf 85' lang='lat' dir='ltr'><strong>iuxta</strong></span> <span class='ocrx_word' id='word_1_27' title='bbox 547 2303 671 2343; x_wconf 85' lang='lat' dir='ltr'><strong>meeum</strong></span> <span class='ocrx_word' id='word_1_28' title='bbox 688 2293 811 2363; x_wconf 82' lang='lat' dir='ltr'><strong>optare,</strong></span> <span class='ocrx_word' id='word_1_29' title='bbox 833 2282 887 2363; x_wconf 91' lang='lat' dir='ltr'><strong>qui</strong></span> <span class='ocrx_word' id='word_1_30' title='bbox 900 2291 970 2339; x_wconf 89' lang='lat' dir='ltr'><strong>tuus</strong></span> <span class='ocrx_word' id='word_1_31' title='bbox 986 2289 1031 2338; x_wconf 84' lang='lat' dir='ltr'><strong>est</strong></span> <span class='ocrx_word' id='word_1_32' title='bbox 1047 2296 1117 2356; x_wconf 84' lang='lat' dir='ltr'><strong>erga</strong></span> <span class='ocrx_word' id='word_1_33' title='bbox 1131 2277 1245 2335; x_wconf 74' lang='lat' dir='ltr'><strong>litteras</strong></span> 
     </span>
    </p>
   </div>
   <div class='ocr_carea' id='block_1_4' title="bbox 141 2384 1246 2960">
    <p class='ocr_par' dir='ltr' id='par_1_4' title="bbox 141 2384 1246 2960">
     <span class='ocr_line' id='line_1_7' title="bbox 141 2384 1245 2485; baseline -0.015 -17"><span class='ocrx_word' id='word_1_34' title='bbox 141 2430 244 2485; x_wconf 86' lang='lat' dir='ltr'><strong>amor,</strong></span> <span class='ocrx_word' id='word_1_35' title='bbox 270 2408 365 2466; x_wconf 79' lang='lat' dir='ltr'><strong>lactor</strong></span> <span class='ocrx_word' id='word_1_36' title='bbox 380 2401 525 2480; x_wconf 80' lang='lat' dir='ltr'><strong>candide,</strong></span> <span class='ocrx_word' id='word_1_37' title='bbox 547 2412 628 2463; x_wconf 85' lang='lat' dir='ltr'><strong>certo</strong></span> <span class='ocrx_word' id='word_1_38' title='bbox 643 2404 764 2462; x_wconf 85' lang='lat' dir='ltr'><strong>certius.</strong></span> <span class='ocrx_word' id='word_1_39' title='bbox 806 2420 911 2460; x_wconf 77' lang='lat' dir='ltr'><strong>eorum</strong></span> <span class='ocrx_word' id='word_1_40' title='bbox 931 2384 1025 2478; x_wconf 82' lang='lat' dir='ltr'><strong>igitur</strong></span> <span class='ocrx_word' id='word_1_41' title='bbox 1044 2397 1099 2456; x_wconf 86' lang='lat' dir='ltr'><strong>tibi</strong></span> <span class='ocrx_word' id='word_1_42' title='bbox 1116 2395 1171 2454; x_wconf 88' lang='lat' dir='ltr'><strong>sub</strong></span> <span class='ocrx_word' id='word_1_43' title='bbox 1185 2391 1245 2452; x_wconf 84' lang='lat' dir='ltr'><strong>hoo</strong></span> 
     </span>
     <span class='ocr_line' id='line_1_8' title="bbox 142 2518 1245 2606; baseline -0.018 -16"><span class='ocrx_word' id='word_1_44' title='bbox 142 2530 244 2590; x_wconf 86' lang='lat' dir='ltr'><strong>omine</strong></span> <span class='ocrx_word' id='word_1_45' title='bbox 264 2535 397 2606; x_wconf 81' lang='lat' dir='ltr'><strong>votoque</strong></span> <span class='ocrx_word' id='word_1_46' title='bbox 419 2521 597 2584; x_wconf 80' lang='lat' dir='ltr'><strong>historicum</strong></span> <span class='ocrx_word' id='word_1_47' title='bbox 620 2518 741 2581; x_wconf 83' lang='lat' dir='ltr'><strong>mediae</strong></span> <span class='ocrx_word' id='word_1_48' title='bbox 761 2521 867 2580; x_wconf 81' lang='lat' dir='ltr'><strong>aetatis</strong></span> <span class='ocrx_word' id='word_1_49' title='bbox 888 2521 1052 2605; x_wconf 62' lang='lat' dir='ltr'><strong>Graecum,</strong></span> <span class='ocrx_word' id='word_1_50' title='bbox 1086 2531 1245 2594; x_wconf 85' lang='lat' dir='ltr'><strong>nunquam</strong></span> 
     </span>
     <span class='ocr_line' id='line_1_9' title="bbox 142 2635 1246 2721; baseline -0.018 -12"><span class='ocrx_word' id='word_1_51' title='bbox 142 2659 212 2709; x_wconf 84' lang='lat' dir='ltr'><strong>ante</strong></span> <span class='ocrx_word' id='word_1_52' title='bbox 228 2644 289 2706; x_wconf 84' lang='lat' dir='ltr'><strong>lrao</strong></span> <span class='ocrx_word' id='word_1_53' title='bbox 307 2640 438 2719; x_wconf 84' lang='lat' dir='ltr'><strong>editum,</strong></span> <span class='ocrx_word' id='word_1_54' title='bbox 468 2660 509 2701; x_wconf 86' lang='lat' dir='ltr'><strong>ex</strong></span> <span class='ocrx_word' id='word_1_55' title='bbox 522 2660 592 2701; x_wconf 88' lang='lat' dir='ltr'><strong>mea</strong></span> <span class='ocrx_word' id='word_1_56' title='bbox 603 2638 787 2701; x_wconf 81' lang='lat' dir='ltr'><strong>bibliotheca</strong></span> <span class='ocrx_word' id='word_1_57' title='bbox 799 2639 986 2721; x_wconf 86' lang='lat' dir='ltr'><strong>postliminio</strong></span> <span class='ocrx_word' id='word_1_58' title='bbox 999 2635 1151 2697; x_wconf 84' lang='lat' dir='ltr'><strong>eductum.</strong></span> <span class='ocrx_word' id='word_1_59' title='bbox 1195 2652 1246 2690; x_wconf 84' lang='lat' dir='ltr'><strong>re-</strong></span> 
     </span>
     <span class='ocr_line' id='line_1_10' title="bbox 143 2751 1244 2849; baseline -0.018 -21"><span class='ocrx_word' id='word_1_60' title='bbox 143 2777 262 2849; x_wconf 86' lang='lat' dir='ltr'><strong>pertum</strong></span> <span class='ocrx_word' id='word_1_61' title='bbox 283 2763 358 2824; x_wconf 85' lang='lat' dir='ltr'><strong>olim</strong></span> <span class='ocrx_word' id='word_1_62' title='bbox 372 2762 406 2821; x_wconf 84' lang='lat' dir='ltr'><strong>in</strong></span> <span class='ocrx_word' id='word_1_63' title='bbox 426 2760 533 2820; x_wconf 83' lang='lat' dir='ltr'><strong>Galata</strong></span> <span class='ocrx_word' id='word_1_64' title='bbox 553 2760 650 2843; x_wconf 84' lang='lat' dir='ltr'><strong>(Pera</strong></span> <span class='ocrx_word' id='word_1_65' title='bbox 664 2758 776 2842; x_wconf 78' lang='lat' dir='ltr'><strong>vulgo)</strong></span> <span class='ocrx_word' id='word_1_66' title='bbox 791 2758 1050 2840; x_wconf 71' lang='lat' dir='ltr'><strong>¹redemptumque</strong></span> <span class='ocrx_word' id='word_1_67' title='bbox 1075 2773 1094 2814; x_wconf 87' lang='lat' dir='ltr'><strong>a</strong></span> <span class='ocrx_word' id='word_1_68' title='bbox 1114 2751 1244 2830; x_wconf 84' lang='lat' dir='ltr'><strong>Georgia</strong></span> 
     </span>
     <span class='ocr_line' id='line_1_11' title="bbox 145 2873 1244 2960; baseline -0.02 -11"><span class='ocrx_word' id='word_1_69' title='bbox 145 2890 368 2957; x_wconf 79' lang='lat' dir='ltr'><strong>Cantaauzeno,</strong></span> <span class='ocrx_word' id='word_1_70' title='bbox 386 2899 428 2940; x_wconf 85' lang='lat' dir='ltr'><strong>ex</strong></span> <span class='ocrx_word' id='word_1_71' title='bbox 442 2880 527 2939; x_wconf 84' lang='lat' dir='ltr'><strong>auius</strong></span> <span class='ocrx_word' id='word_1_72' title='bbox 540 2879 618 2939; x_wconf 87' lang='lat' dir='ltr'><strong>libra</strong></span> <span class='ocrx_word' id='word_1_73' title='bbox 631 2876 838 2960; x_wconf 78' lang='lat' dir='ltr'>apographum</span> <span class='ocrx_word' id='word_1_74' title='bbox 855 2879 1067 2958; x_wconf 80' lang='lat' dir='ltr'><strong>transcriptum</strong></span> <span class='ocrx_word' id='word_1_75' title='bbox 1078 2873 1137 2931; x_wconf 84' lang='lat' dir='ltr'><strong>fuit</strong></span> <span class='ocrx_word' id='word_1_76' title='bbox 1150 2889 1244 2930; x_wconf 86' lang='lat' dir='ltr'><strong>mauu</strong></span> 
     </span>
    </p>
   </div>
   <div class='ocr_carea' id='block_1_5' title="bbox 145 2989 1251 4399">
    <p class='ocr_par' dir='ltr' id='par_1_5' title="bbox 145 2989 1251 4399">
     <span class='ocr_line' id='line_1_12' title="bbox 145 2989 1243 3081; baseline -0.022 -12"><span class='ocrx_word' id='word_1_77' title='bbox 145 3003 312 3069; x_wconf 75' lang='lat' dir='ltr'><strong>Theodosii</strong></span> <span class='ocrx_word' id='word_1_78' title='bbox 324 2999 509 3081; x_wconf 77' lang='lat' dir='ltr'><strong>Zygomalae</strong></span> <span class='ocrx_word' id='word_1_79' title='bbox 521 2997 644 3076; x_wconf 80' lang='lat' dir='ltr'><strong>Nauplii</strong></span> <span class='ocrx_word' id='word_1_80' title='bbox 657 3016 698 3055; x_wconf 87' lang='lat' dir='ltr'><strong>ex</strong></span> <span class='ocrx_word' id='word_1_81' title='bbox 711 2997 857 3076; x_wconf 84' lang='lat' dir='ltr'><strong>petitione</strong></span> <span class='ocrx_word' id='word_1_82' title='bbox 875 2995 992 3056; x_wconf 86' lang='lat' dir='ltr'><strong>domini</strong></span> <span class='ocrx_word' id='word_1_83' title='bbox 1005 2990 1129 3068; x_wconf 85' lang='lat' dir='ltr'><strong>Georgii</strong></span> <span class='ocrx_word' id='word_1_84' title='bbox 1142 2989 1243 3047; x_wconf 83' lang='lat' dir='ltr'><strong>fratris</strong></span> 
     </span>
     <span class='ocr_line' id='line_1_13' title="bbox 146 3106 1244 3202; baseline -0.018 -15"><span class='ocrx_word' id='word_1_85' title='bbox 146 3129 206 3187; x_wconf 90' lang='lat' dir='ltr'><strong>mei</strong></span> <span class='ocrx_word' id='word_1_86' title='bbox 226 3128 263 3185; x_wconf 84' lang='lat' dir='ltr'><strong>P.</strong></span> <span class='ocrx_word' id='word_1_87' title='bbox 278 3125 339 3199; x_wconf 71' lang='lat' dir='ltr'><strong>tl,</strong></span> <span class='ocrx_word' id='word_1_88' title='bbox 375 3120 429 3202; x_wconf 88' lang='lat' dir='ltr'><strong>qui</strong></span> <span class='ocrx_word' id='word_1_89' title='bbox 448 3125 603 3178; x_wconf 76' lang='lat' dir='ltr'>auctorem</span> <span class='ocrx_word' id='word_1_90' title='bbox 625 3114 713 3174; x_wconf 89' lang='lat' dir='ltr'><strong>illum</strong></span> <span class='ocrx_word' id='word_1_91' title='bbox 733 3115 813 3173; x_wconf 87' lang='lat' dir='ltr'><strong>inter</strong></span> <span class='ocrx_word' id='word_1_92' title='bbox 835 3115 911 3174; x_wconf 89' lang='lat' dir='ltr'><strong>alios</strong></span> <span class='ocrx_word' id='word_1_93' title='bbox 931 3113 1019 3193; x_wconf 77' lang='lat' dir='ltr'><strong>cpoli</strong></span> <span class='ocrx_word' id='word_1_94' title='bbox 1041 3106 1244 3187; x_wconf 83' lang='lat' dir='ltr'><strong>superioribus</strong></span> 
     </span>
     <span class='ocr_line' id='line_1_14' title="bbox 147 3224 1244 3312; baseline -0.022 -7"><span class='ocrx_word' id='word_1_95' title='bbox 147 3246 232 3306; x_wconf 85' lang='lat' dir='ltr'><strong>annis</strong></span> <span class='ocrx_word' id='word_1_96' title='bbox 243 3242 353 3303; x_wconf 80' lang='lat' dir='ltr'><strong>attulit.</strong></span> <span class='ocrx_word' id='word_1_97' title='bbox 382 3236 434 3298; x_wconf 88' lang='lat' dir='ltr'><strong>hio</strong></span> <span class='ocrx_word' id='word_1_98' title='bbox 448 3256 519 3298; x_wconf 85' lang='lat' dir='ltr'><strong>oum</strong></span> <span class='ocrx_word' id='word_1_99' title='bbox 532 3255 551 3295; x_wconf 91' lang='lat' dir='ltr'><strong>a</strong></span> <span class='ocrx_word' id='word_1_100' title='bbox 564 3254 615 3295; x_wconf 87' lang='lat' dir='ltr'><strong>me</strong></span> <span class='ocrx_word' id='word_1_101' title='bbox 628 3233 763 3294; x_wconf 79' lang='lat' dir='ltr'><strong>exercitii</strong></span> <span class='ocrx_word' id='word_1_102' title='bbox 780 3232 875 3312; x_wconf 82' lang='lat' dir='ltr'><strong>gratia</strong></span> <span class='ocrx_word' id='word_1_103' title='bbox 890 3249 946 3311; x_wconf 89' lang='lat' dir='ltr'><strong>pro</strong></span> <span class='ocrx_word' id='word_1_104' title='bbox 959 3229 1036 3287; x_wconf 84' lang='lat' dir='ltr'><strong>meis</strong></span> <span class='ocrx_word' id='word_1_105' title='bbox 1053 3224 1166 3284; x_wconf 82' lang='lat' dir='ltr'><strong>viribus</strong></span> <span class='ocrx_word' id='word_1_106' title='bbox 1181 3227 1244 3283; x_wconf 79' lang='lat' dir='ltr'><strong>La·</strong></span> 
     </span>
     <span class='ocr_line' id='line_1_15' title="bbox 149 3344 1244 3431; baseline -0.022 -7"><span class='ocrx_word' id='word_1_107' title='bbox 149 3365 209 3424; x_wconf 88' lang='lat' dir='ltr'><strong>tine</strong></span> <span class='ocrx_word' id='word_1_108' title='bbox 225 3361 387 3424; x_wconf 75' lang='lat' dir='ltr'><strong>translatus</strong></span> <span class='ocrx_word' id='word_1_109' title='bbox 406 3366 501 3431; x_wconf 88' lang='lat' dir='ltr'><strong>esset,</strong></span> <span class='ocrx_word' id='word_1_110' title='bbox 532 3354 588 3413; x_wconf 80' lang='lat' dir='ltr'><strong>vix</strong></span> <span class='ocrx_word' id='word_1_111' title='bbox 600 3365 703 3414; x_wconf 88' lang='lat' dir='ltr'><strong>tamen</strong></span> <span class='ocrx_word' id='word_1_112' title='bbox 716 3349 875 3412; x_wconf 81' lang='lat' dir='ltr'><strong>videbatur</strong></span> <span class='ocrx_word' id='word_1_113' title='bbox 887 3344 1016 3406; x_wconf 85' lang='lat' dir='ltr'><strong>idoneus</strong></span> <span class='ocrx_word' id='word_1_114' title='bbox 1028 3344 1082 3424; x_wconf 88' lang='lat' dir='ltr'><strong>qui</strong></span> <span class='ocrx_word' id='word_1_115' title='bbox 1095 3362 1151 3422; x_wconf 85' lang='lat' dir='ltr'><strong>par</strong></span> <span class='ocrx_word' id='word_1_116' title='bbox 1161 3344 1244 3402; x_wconf 79' lang='lat' dir='ltr'><strong>viro-</strong></span> 
     </span>
     <span class='ocr_line' id='line_1_16' title="bbox 148 3458 1246 3555; baseline -0.023 -10"><span class='ocrx_word' id='word_1_117' title='bbox 148 3503 214 3545; x_wconf 87' lang='lat' dir='ltr'><strong>rum</strong></span> <span class='ocrx_word' id='word_1_118' title='bbox 231 3501 284 3543; x_wconf 89' lang='lat' dir='ltr'><strong>ora</strong></span> <span class='ocrx_word' id='word_1_119' title='bbox 305 3476 468 3555; x_wconf 75' lang='lat' dir='ltr'><strong>outlosque</strong></span> <span class='ocrx_word' id='word_1_120' title='bbox 486 3471 636 3532; x_wconf 81' lang='lat' dir='ltr'><strong>volitaret.</strong></span> <span class='ocrx_word' id='word_1_121' title='bbox 678 3471 776 3530; x_wconf 83' lang='lat' dir='ltr'><strong>versio</strong></span> <span class='ocrx_word' id='word_1_122' title='bbox 790 3464 873 3527; x_wconf 88' lang='lat' dir='ltr'><strong>rudis</strong></span> <span class='ocrx_word' id='word_1_123' title='bbox 888 3472 953 3522; x_wconf 88' lang='lat' dir='ltr'><strong>erat</strong></span> <span class='ocrx_word' id='word_1_124' title='bbox 966 3472 996 3521; x_wconf 83' lang='lat' dir='ltr'><strong>et</strong></span> <span class='ocrx_word' id='word_1_125' title='bbox 1011 3458 1149 3520; x_wconf 87' lang='lat' dir='ltr'><strong>nondum</strong></span> <span class='ocrx_word' id='word_1_126' title='bbox 1159 3480 1246 3553; x_wconf 72' lang='lat' dir='ltr'><strong>repo·</strong></span> 
     </span>
     <span class='ocr_line' id='line_1_17' title="bbox 147 3578 1249 3685; baseline -0.027 -21"><span class='ocrx_word' id='word_1_127' title='bbox 147 3605 247 3685; x_wconf 80' lang='lat' dir='ltr'><strong>gnita3</strong></span> <span class='ocrx_word' id='word_1_128' title='bbox 269 3594 428 3676; x_wconf 85' lang='lat' dir='ltr'><strong>exemplar</strong></span> <span class='ocrx_word' id='word_1_129' title='bbox 440 3590 522 3672; x_wconf 90' lang='lat' dir='ltr'><strong>(quo</strong></span> <span class='ocrx_word' id='word_1_130' title='bbox 536 3589 627 3648; x_wconf 82' lang='lat' dir='ltr'><strong>unico</strong></span> <span class='ocrx_word' id='word_1_131' title='bbox 638 3588 686 3648; x_wconf 87' lang='lat' dir='ltr'><strong>usi</strong></span> <span class='ocrx_word' id='word_1_132' title='bbox 700 3583 823 3662; x_wconf 72' lang='lat' dir='ltr'><strong>sumtu)</strong></span> <span class='ocrx_word' id='word_1_133' title='bbox 836 3584 879 3642; x_wconf 90' lang='lat' dir='ltr'><strong>ita</strong></span> <span class='ocrx_word' id='word_1_134' title='bbox 896 3588 1080 3658; x_wconf 74' lang='lat' dir='ltr'><strong>eampum,</strong></span> <span class='ocrx_word' id='word_1_135' title='bbox 1105 3587 1149 3638; x_wconf 87' lang='lat' dir='ltr'><strong>tot</strong></span> <span class='ocrx_word' id='word_1_136' title='bbox 1164 3578 1249 3636; x_wconf 76' lang='lat' dir='ltr'><strong>laur-</strong></span> 
     </span>
     <span class='ocr_line' id='line_1_18' title="bbox 148 3696 1251 3793; baseline -0.027 -11"><span class='ocrx_word' id='word_1_137' title='bbox 148 3724 195 3781; x_wconf 90' lang='lat' dir='ltr'><strong>nis</strong></span> <span class='ocrx_word' id='word_1_138' title='bbox 215 3730 246 3779; x_wconf 86' lang='lat' dir='ltr'><strong>et</strong></span> <span class='ocrx_word' id='word_1_139' title='bbox 263 3717 391 3778; x_wconf 75' lang='lat' dir='ltr'><strong>maculis</strong></span> <span class='ocrx_word' id='word_1_140' title='bbox 410 3711 585 3793; x_wconf 86' lang='lat' dir='ltr'><strong>oppletum,</strong></span> <span class='ocrx_word' id='word_1_141' title='bbox 614 3716 679 3765; x_wconf 84' lang='lat' dir='ltr'><strong>tam</strong></span> <span class='ocrx_word' id='word_1_142' title='bbox 712 3702 843 3785; x_wconf 86' lang='lat' dir='ltr'><strong>denique</strong></span> <span class='ocrx_word' id='word_1_143' title='bbox 870 3700 909 3759; x_wconf 85' lang='lat' dir='ltr'><strong>ab</strong></span> <span class='ocrx_word' id='word_1_144' title='bbox 937 3697 1023 3757; x_wconf 84' lang='lat' dir='ltr'><strong>omui</strong></span> <span class='ocrx_word' id='word_1_145' title='bbox 1048 3705 1134 3776; x_wconf 89' lang='lat' dir='ltr'><strong>parte</strong></span> <span class='ocrx_word' id='word_1_146' title='bbox 1162 3696 1251 3775; x_wconf 83' lang='lat' dir='ltr'><strong>eulpa</strong></span> 
     </span>
     <span class='ocr_line' id='line_1_19' title="bbox 149 3812 1251 3919; baseline -0.028 -20"><span class='ocrx_word' id='word_1_147' title='bbox 149 3838 340 3898; x_wconf 67' lang='lat' dir='ltr'><strong>amanuensis</strong></span> <span class='ocrx_word' id='word_1_148' title='bbox 358 3836 427 3919; x_wconf 90' lang='lat' dir='ltr'><strong>(qui</strong></span> <span class='ocrx_word' id='word_1_149' title='bbox 447 3842 478 3892; x_wconf 84' lang='lat' dir='ltr'><strong>et</strong></span> <span class='ocrx_word' id='word_1_150' title='bbox 492 3831 559 3910; x_wconf 85' lang='lat' dir='ltr'><strong>ipse</strong></span> <span class='ocrx_word' id='word_1_151' title='bbox 580 3833 718 3903; x_wconf 73' lang='lat' dir='ltr'><strong>corrupto</strong></span> <span class='ocrx_word' id='word_1_152' title='bbox 736 3819 906 3901; x_wconf 86' lang='lat' dir='ltr'><strong>exemplari</strong></span> <span class='ocrx_word' id='word_1_153' title='bbox 918 3836 991 3877; x_wconf 87' lang='lat' dir='ltr'><strong>usus</strong></span> <span class='ocrx_word' id='word_1_154' title='bbox 1002 3812 1079 3892; x_wconf 85' lang='lat' dir='ltr'><strong>arat)</strong></span> <span class='ocrx_word' id='word_1_155' title='bbox 1098 3812 1251 3888; x_wconf 79' lang='lat' dir='ltr'><strong>vitiosum,</strong></span> 
     </span>
     <span class='ocr_line' id='line_1_20' title="bbox 148 3928 1251 4035; baseline -0.029 -17"><span class='ocrx_word' id='word_1_156' title='bbox 148 3968 182 4018; x_wconf 86' lang='lat' dir='ltr'><strong>ut</strong></span> <span class='ocrx_word' id='word_1_157' title='bbox 202 3951 281 4019; x_wconf 82' lang='lat' dir='ltr'><strong>nihil</strong></span> <span class='ocrx_word' id='word_1_158' title='bbox 300 3956 399 4015; x_wconf 85' lang='lat' dir='ltr'><strong>minus</strong></span> <span class='ocrx_word' id='word_1_159' title='bbox 418 3968 512 4035; x_wconf 82' lang='lat' dir='ltr'><strong>quam</strong></span> <span class='ocrx_word' id='word_1_160' title='bbox 532 3943 659 4005; x_wconf 86' lang='lat' dir='ltr'><strong>historia</strong></span> <span class='ocrx_word' id='word_1_161' title='bbox 681 3942 785 4024; x_wconf 86' lang='lat' dir='ltr'><strong>eliqua</strong></span> <span class='ocrx_word' id='word_1_162' title='bbox 806 3936 877 3998; x_wconf 84' lang='lat' dir='ltr'><strong>inda</strong></span> <span class='ocrx_word' id='word_1_163' title='bbox 896 3936 966 3996; x_wconf 81' lang='lat' dir='ltr'><strong>eliai</strong></span> <span class='ocrx_word' id='word_1_164' title='bbox 984 3951 1072 4014; x_wconf 86' lang='lat' dir='ltr'><strong>posse</strong></span> <span class='ocrx_word' id='word_1_165' title='bbox 1088 3928 1251 3989; x_wconf 82' lang='lat' dir='ltr'><strong>videretur.</strong></span> 
     </span>
     <span class='ocr_line' id='line_1_21' title="bbox 147 4047 1251 4150; baseline -0.031 -12"><span class='ocrx_word' id='word_1_166' title='bbox 147 4094 209 4137; x_wconf 88' lang='lat' dir='ltr'><strong>uon</strong></span> <span class='ocrx_word' id='word_1_167' title='bbox 226 4074 372 4150; x_wconf 85' lang='lat' dir='ltr'><strong>mentior,</strong></span> <span class='ocrx_word' id='word_1_168' title='bbox 400 4073 514 4132; x_wconf 80' lang='lat' dir='ltr'><strong>laetor:</strong></span> <span class='ocrx_word' id='word_1_169' title='bbox 542 4062 583 4124; x_wconf 89' lang='lat' dir='ltr'><strong>ad</strong></span> <span class='ocrx_word' id='word_1_170' title='bbox 602 4063 722 4143; x_wconf 76' lang='lat' dir='ltr'><strong>singula</strong></span> <span class='ocrx_word' id='word_1_171' title='bbox 741 4053 964 4142; x_wconf 83' lang='lat' dir='ltr'><strong>propemodum</strong></span> <span class='ocrx_word' id='word_1_172' title='bbox 975 4049 1068 4113; x_wconf 82' lang='lat' dir='ltr'><strong>verba</strong></span> <span class='ocrx_word' id='word_1_173' title='bbox 1083 4047 1251 4108; x_wconf 85' lang='lat' dir='ltr'><strong>subsisten-</strong></span> 
     </span>
     <span class='ocr_line' id='line_1_22' title="bbox 147 4162 1250 4263; baseline -0.034 -5"><span class='ocrx_word' id='word_1_174' title='bbox 147 4195 221 4257; x_wconf 89' lang='lat' dir='ltr'><strong>dum</strong></span> <span class='ocrx_word' id='word_1_175' title='bbox 245 4190 324 4254; x_wconf 89' lang='lat' dir='ltr'><strong>mihi</strong></span> <span class='ocrx_word' id='word_1_176' title='bbox 351 4191 410 4251; x_wconf 86' lang='lat' dir='ltr'><strong>fuit</strong></span> <span class='ocrx_word' id='word_1_177' title='bbox 435 4199 466 4248; x_wconf 86' lang='lat' dir='ltr'><strong>et</strong></span> <span class='ocrx_word' id='word_1_178' title='bbox 490 4180 698 4247; x_wconf 79' lang='lat' dir='ltr'><strong>dirirrandum.</strong></span> <span class='ocrx_word' id='word_1_179' title='bbox 741 4174 817 4263; x_wconf 90' lang='lat' dir='ltr'><strong>quid</strong></span> <span class='ocrx_word' id='word_1_180' title='bbox 837 4174 960 4261; x_wconf 85' lang='lat' dir='ltr'><strong>quaeris</strong></span> <span class='ocrx_word' id='word_1_181' title='bbox 984 4162 1140 4247; x_wconf 61' lang='lat' dir='ltr'><strong>emplius?</strong></span> <span class='ocrx_word' id='word_1_182' title='bbox 1172 4165 1250 4244; x_wconf 81' lang='lat' dir='ltr'><strong>fregi</strong></span> 
     </span>
     <span class='ocr_line' id='line_1_23' title="bbox 148 4283 1251 4399; baseline -0.034 -21"><span class='ocrx_word' id='word_1_183' title='bbox 148 4316 292 4398; x_wconf 74' lang='lat' dir='ltr'><strong>glaciem,</strong></span> <span class='ocrx_word' id='word_1_184' title='bbox 323 4307 425 4399; x_wconf 86' lang='lat' dir='ltr'><strong>quoad</strong></span> <span class='ocrx_word' id='word_1_185' title='bbox 440 4308 544 4393; x_wconf 85' lang='lat' dir='ltr'><strong>patui,</strong></span> <span class='ocrx_word' id='word_1_186' title='bbox 572 4314 725 4367; x_wconf 75' lang='lat' dir='ltr'><strong>assutorem</strong></span> <span class='ocrx_word' id='word_1_187' title='bbox 747 4300 882 4361; x_wconf 82' lang='lat' dir='ltr'><strong>lacerum</strong></span> <span class='ocrx_word' id='word_1_188' title='bbox 899 4292 1101 4371; x_wconf 79' lang='lat' dir='ltr'><strong>mutilumque</strong></span> <span class='ocrx_word' id='word_1_189' title='bbox 1120 4283 1251 4365; x_wconf 83' lang='lat' dir='ltr'><strong>seposui,</strong></span> 
     </span>
    </p>
   </div>
   <div class='ocr_carea' id='block_1_6' title="bbox 0 0 1508 4838">
    <p class='ocr_par' dir='ltr' id='par_1_6' title="bbox 0 0 1508 4838">
     <span class='ocr_line' id='line_1_24' title="bbox 0 0 1508 4838; baseline 0 0"><span class='ocrx_word' id='word_1_190' title='bbox 0 0 1508 4838; x_wconf 95' lang='lat' dir='ltr'><strong> </strong></span> 
     </span>
    </p>
   </div>
  </div>
 </body>
</html>
