2934 4838
278 292 353 370 244
672 290 718 358 ΙΝ
744 287 973 358 GEORGlUll

278 460 363 519 mani
377 460 487 519 mentio
501 456 583 515 fieret
599 464 630 514 et
643 455 791 514 memoria
803 454 967 527 coleretur,
988 449 1146 528 diuturna,
1169 460 1207 510 ut
1220 460 1255 509 et
1266 447 1306 509 de
1317 453 1374 531 pri-

279 556 364 606 matu
385 544 442 625 (da
457 543 594 622 quoiam
607 537 780 618 diximus),
801 540 951 597 contentio
966 537 1027 596 fuit
1040 540 1116 596 iuter
1135 536 1306 596 ecelesiam
1320 539 1376 595 lto-

279 649 399 688 rnanom
420 637 449 685 et
468 626 677 704 apolicam,
699 623 875 703 duravitque
891 642 927 681 ea
940 621 980 680 ad
994 634 1131 701 tempora
1141 619 1311 680 Michaelis
1322 624 1375 679 lle-

280 714 422 791 laeologi,
444 711 500 770 sub
516 730 577 791 quo
591 711 754 789 composita
769 709 965 767 controversia
978 709 1034 765 illa
1045 710 1204 788 unitaeque
1220 708 1375 780 ecclesise,

279 800 334 856 etsi
357 816 457 877 neque
480 797 538 855 ista
556 797 628 853 unic
646 795 855 873 perseveravit.
896 790 973 851 haec
988 794 1048 851 tria
1063 802 1131 851 tum
1141 793 1375 871 paciscebantur,

275 885 374 960 primo
389 891 423 939 ut
438 900 455 938 a
471 880 635 959 cpolitanis
657 879 689 936 in
706 875 879 958 hymnodiis
894 896 991 957 papae
1006 872 1141 936 Romani
1155 897 1227 935 cnm
1240 888 1375 957 quattuor

275 963 454 1046 patriarchis
470 966 583 1022 mentio
600 963 699 1038 fieret,
720 961 850 1023 secundo
866 972 901 1021 ut
916 963 1019 1020 liceret
1035 963 1135 1020 cnivis
1150 963 1283 1020 Romam
1298 972 1372 1019 rete·

276 1071 342 1109 rem
356 1061 500 1131 tauquam
513 1050 610 1108 maius
625 1048 756 1106 tribunal
771 1066 947 1126 provocare,
974 1048 1064 1105 tertio
1079 1056 1114 1104 ut
1129 1066 1233 1126 papae
1248 1049 1369 1105 Rouana

277 1138 310 1194 in
329 1136 468 1193 omnibns
486 1131 649 1191 deferretur
663 1134 857 1212 principatus.
899 1141 1035 1190 auctores
1053 1129 1252 1210 Nicephorus
1269 1132 1367 1209 Grego-

279 1240 329 1294 ras
345 1223 455 1280 Histor.
471 1220 595 1297 Byzant.
608 1217 662 1274 lib.
676 1219 714 1289 5,
736 1217 882 1294 Georgius
899 1213 1036 1273 Phrauza
1055 1213 1206 1274 Chronici
1224 1218 1362 1276 (iriennl'n

278 1306 333 1367 lib.
352 1309 367 1368 1
388 1323 452 1382 cap.
468 1304 504 1375 6,
528 1303 674 1379 Georgius
695 1298 908 1381 Pachymerins
928 1303 959 1358 in
979 1303 1142 1379 Excerptis
1160 1304 1280 1360 Histor.
1292 1302 1360 1374 tut,

280 1391 400 1469 aliique.
442 1383 569 1445 sednon
584 1397 729 1445 steterunt
742 1396 844 1465 postea
859 1382 918 1443 hoc
930 1395 1017 1464 pacto
1032 1387 1158 1460 Graeci,
1182 1396 1216 1445 et
1234 1386 1362 1465 pontiids

278 1474 453 1532 memoriam
466 1467 620 1549 dedignati
636 1480 723 1529 sunt:
746 1468 857 1529 idcirco
874 1480 976 1528 mouet
988 1470 1190 1548 Palaeologos
1206 1473 1242 1528 iu
1255 1472 1368 1551 epistoh

279 1555 437 1617 cardinalis
450 1556 617 1628 Bessarion‚
638 1555 828 1635 inculcatque
840 1549 872 1617 ed
885 1550 1080 1633 μνημόσυνον
1093 1559 1153 1616 τοῦ
1165 1547 1269 1617 acina.
1310 1553 1369 1612 vids

277 1640 512 1700 eruditissimum
528 1641 691 1698 Meursiunr
703 1641 736 1697 in
750 1640 901 1698 Glossario
912 1659 985 1697 voce
999 1633 1203 1718 πατριάρχης,
1228 1651 1260 1698 et
1275 1642 1308 1698 in
1321 1661 1371 1698 no-

277 1729 316 1784 tis
335 1722 375 1783 ad
396 1724 554 1803 epistolam
578 1725 664 1782 illam
683 1725 868 1784 Bessarionis
885 1724 1205 1798 Graeco-barbaram,
1230 1745 1291 1782 una
1310 1745 1372 1783 αιιι

274 1810 399 1869 illustris
419 1806 563 1888 Hesyclrii
585 1809 735 1888 opusculis
753 1828 850 1889 nuper
869 1805 982 1867 editam
997 1817 1027 1867 at
1045 1806 1224 1868 doctissime
1239 1810 1372 1891 explica·

274 1905 348 1954 tam.
389 1897 513 1954 Danas.

361 2049 392 2110 p.
413 2031 453 2093 38
473 2047 504 2090 v.
524 2029 556 2090 9.
599 2026 637 2086 de
656 2023 811 2087 monachis
833 2036 863 2085 et
883 2023 1123 2086 ltiercmonachis
1146 2023 1289 2086 distincte
1309 2029 1369 2087 suis

276 2115 351 2173 locis
364 2114 477 2172 notavit
491 2110 665 2172 edecumata
682 2110 832 2193 quaedam
842 2110 923 2171 idem
938 2109 1127 2171 doctissimus
1140 2114 1259 2177 amicus
1271 2125 1368 2173 noeter

274 2201 307 2255 iu
322 2199 482 2256 Glaesaria.
525 2195 594 2257 ride
607 2201 640 2256 in
654 2191 1038 2280 ἱερομὸναχοςοιριονοχόρ.
1078 2199 1204 2256 Donat.

357 2328 399 2387 ib.
416 2349 448 2388 v·
464 2333 514 2394 16.
556 2326 667 2395 τούτου
687 2328 721 2394 dl
740 2324 982 2410 τελευτήσαντος]
1005 2331 1134 2389 Henioc
1155 2330 1289 2391 succedit
1307 2335 1366 2390 Bo·

273 2414 391 2489 bertus,
413 2416 460 2472 vir
471 2433 532 2472 nou
545 2414 620 2476 adso
632 2417 718 2477 fortis
732 2426 762 2476 at
772 2408 848 2477 ac’ris
862 2425 891 2475 et
902 2416 1005 2494 magui
1017 2417 1112 2474 animi
1124 2412 1202 2478 dux.
1230 2415 1363 2498 Bplrrse-

272 2499 351 2558 mins
368 2500 400 2556 in
418 2496 564 2558 Chronico

433 2595 550 2661 τούτων
562 2592 701 2679 κατάρχει
709 2597 884 2681 Ῥομπὲριος
897 2600 1085 2678 Βυζανιίδορ,

431 2676 586 2762 πράγμασι
600 2689 715 2757 κοινοῖς
731 2689 871 2764 μαλακῶς
885 2683 1064 2766 κεχρημένος

429 2760 818 2935 stit
828 2765 1112 2936 gluttino.

356 2982 399 3043 ἰῦ·
442 2982 462 3050 o‘
488 2979 622 3066 ἆδελφός
646 2981 743 3051 αὐτοῦ
760 2984 952 3070 Ῥομὲρτος]
983 2985 1064 3069 qnod
1088 2998 1196 3049 auctor
1220 2987 1274 3049 hic
1294 2987 1363 3049 dicit

273 3069 577 3132 RobertumHenrici
598 3073 720 3132 fratrem
735 3073 843 3150 fuisse,
867 3072 898 3132 id
912 3093 983 3132 vero
994 3074 1191 3134 falsissimum
1206 3086 1262 3138 est.
1303 3079 1363 3134 imo

271 3173 366 3232 nepos
380 3155 438 3215 tuit
451 3176 492 3215 ex
504 3158 620 3216 Iolanta
633 3161 696 3216 sive
708 3156 904 3233 Yolantlride‚
928 3178 1027 3217 sorore
1040 3160 1134 3238 ipsius
1155 3160 1275 3239 (liliam
1288 3180 1364 3242 quo-
1445 3182 1446 3207 t

271 3257 331 3317 que
345 3258 502 3318 perperam
515 3252 601 3301 vocat
616 3246 660 3301 lo.
673 3244 806 3320 Baptista
824 3244 970 3321 Egnatius
983 3253 1013 3302 et
1026 3245 1251 3324 Crupiuianus)
1272 3258 1365 3326 nupta

268 3324 359 3381 Petro
377 3326 538 3385 cortenaeo
549 3329 650 3386 comiti
663 3328 816 3385 Auxerras
831 3330 894 3387 sive
908 3326 1160 3405 Antisiodorensi,
1183 3334 1239 3411 qui
1254 3342 1286 3389 et
1301 3334 1365 3411 ipse

269 3407 432 3486 imperator
442 3410 501 3467 fuit
515 3421 545 3468 et
560 3414 608 3470 cui
619 3413 760 3472 successit
772 3412 927 3475 Robertus.
971 3412 1053 3471 aliud
1068 3416 1130 3493 egit
1142 3417 1248 3495 itaque
1262 3418 1366 3496 Lago-
1444 3434 1445 3437 ’

269 3488 368 3566 theta,
388 3495 415 3551 si
431 3495 472 3550 ita
489 3497 617 3575 scripsit.
659 3516 731 3555 nam
746 3517 835 3577 supra
849 3496 966 3557 disertis
980 3499 1078 3558 verbis
1092 3498 1170 3558 dixit
1184 3502 1312 3560 Petrum
1324 3521 1364 3559 ex

270 3576 385 3635 lolanta
403 3575 544 3636 Balduini
563 3600 664 3639 sorore
683 3601 862 3661 propagasse
880 3581 1053 3661 Philippum
1066 3584 1231 3643 Robartum
1248 3597 1280 3646 et
1291 3587 1365 3645 Bal·

269 3657 411 3737 dniuum,
431 3662 653 3746 Robertnmque
668 3685 703 3725 ac
718 3666 900 3727 Balduinuur
914 3670 972 3748 ipsi
984 3670 1017 3725 in
1030 3670 1157 3748 imperio
1169 3674 1363 3747 successisse,

268 3742 392 3804 cadente
412 3748 490 3806 ultro
508 3746 648 3829 Philippo
668 3753 803 3810 maximo
821 3764 905 3811 natu.
947 3753 1094 3812 aberravit
1113 3756 1207 3834 igitur
1226 3753 1280 3815 hic
1298 3760 1364 3817 eius

268 3849 372 3905 mens,
394 3849 433 3888 an
452 3831 583 3893 manuel
624 3837 684 3894 nisi
706 3836 794 3916 culpa
815 3835 890 3896 haec
913 3836 1072 3896 reiicieoda
1092 3842 1130 3897 sit
1152 3841 1185 3896 in
1204 3841 1362 3913 librarian

269 3912 307 3974 de
322 3933 382 3996 quo
397 3934 447 3973 me
461 3920 574 3978 amicus
588 3939 673 3979 mens
686 3940 835 3997 summus,
859 3924 1041 4002 antiquitatis
1054 3922 1253 3984 illustrandae
1269 3939 1300 3987 et
1313 3925 1362 3985 hi-

268 4003 377 4058 storiae
393 3997 589 4061 vindicandae
603 4003 854 4082 studiosissimus,
875 4009 981 4067 Petrus
994 4008 1159 4067 Scriverius
1172 4012 1358 4085 submonuit,

264 4102 374 4163 nempe
391 4082 441 4142 hic
457 4086 645 4147 scribendum
657 4087 677 4152 d
690 4084 873 4167 ἆδελφιὸοὔς
885 4085 996 4170 αὐτοῦ,
1016 4090 1049 4150 id
1066 4104 1110 4152 est
1124 4113 1221 4173 nepos
1238 4117 1282 4155 ex
1298 4100 1359 4156 fn·

264 4177 309 4224 tre
331 4170 380 4226 vel
400 4188 516 4245 sorore,
538 4174 587 4231 val
602 4174 678 4232 forte
693 4171 712 4236 o‘
726 4169 912 4252 ἄδελφόποις
924 4196 978 4255 pro
993 4175 1109 4237 eodem.
1152 4178 1225 4239 ride
1246 4184 1358 4241 Emta-

262 4248 360 4308 thium
375 4253 530 4314 Pollucem
545 4258 680 4339 aliosque
693 4260 932 4341 lexicographos.
975 4264 1186 4324 Constantinus
1202 4268 1358 4327 Manassae
