<?xml version="1.0" encoding="UTF-8"?>
<!DOCTYPE html PUBLIC "-//W3C//DTD XHTML 1.0 Transitional//EN"
    "http://www.w3.org/TR/xhtml1/DTD/xhtml1-transitional.dtd">
<html xmlns="http://www.w3.org/1999/xhtml" xml:lang="en" lang="en">
 <head>
  <title>
</title>
<meta http-equiv="Content-Type" content="text/html;charset=utf-8" />
  <meta name='ocr-system' content='tesseract 3.04.00' />
  <meta name='ocr-capabilities' content='ocr_page ocr_carea ocr_par ocr_line ocrx_word'/>
</head>
<body>
  <div class='ocr_page' id='page_1' title='image "./corpusscriptoru01berlgoog/corpusscriptoru01berlgoog_0593.png"; bbox 0 0 2934 4838; ppageno 0'>
   <div class='ocr_carea' id='block_1_1' title="bbox 283 272 975 345">
    <p class='ocr_par' dir='ltr' id='par_1_1' title="bbox 283 272 975 345">
     <span class='ocr_line' id='line_1_1' title="bbox 283 272 975 345; baseline -0.007 0"><span class='ocrx_word' id='word_1_1' title='bbox 283 276 359 345; x_wconf 74' lang='lat'><strong>202</strong></span> <span class='ocrx_word' id='word_1_2' title='bbox 678 272 724 339; x_wconf 88' lang='lat' dir='ltr'><strong>IN</strong></span> <span class='ocrx_word' id='word_1_3' title='bbox 749 272 975 340; x_wconf 81' lang='lat' dir='ltr'><strong>GEORGlUli</strong></span> 
     </span>
    </p>
   </div>
   <div class='ocr_carea' id='block_1_2' title="bbox 276 435 1456 4170">
    <p class='ocr_par' dir='ltr' id='par_1_2' title="bbox 281 435 1388 754">
     <span class='ocr_line' id='line_1_2' title="bbox 282 435 1385 518; baseline -0.004 -17"><span class='ocrx_word' id='word_1_4' title='bbox 282 444 363 501; x_wconf 84' lang='lat' dir='ltr'><strong>claro</strong></span> <span class='ocrx_word' id='word_1_5' title='bbox 376 443 429 500; x_wconf 93' lang='lat' dir='ltr'><strong>illo</strong></span> <span class='ocrx_word' id='word_1_6' title='bbox 444 451 473 498; x_wconf 81' lang='lat' dir='ltr'><strong>et</strong></span> <span class='ocrx_word' id='word_1_7' title='bbox 487 459 563 518; x_wconf 84' lang='lat' dir='ltr'><strong>pene</strong></span> <span class='ocrx_word' id='word_1_8' title='bbox 580 435 743 497; x_wconf 83' lang='lat' dir='ltr'><strong>invidendo</strong></span> <span class='ocrx_word' id='word_1_9' title='bbox 759 438 872 516; x_wconf 80' lang='lat' dir='ltr'><strong>elogio,</strong></span> <span class='ocrx_word' id='word_1_10' title='bbox 894 435 976 518; x_wconf 90' lang='lat' dir='ltr'><strong>quod</strong></span> <span class='ocrx_word' id='word_1_11' title='bbox 995 440 1079 516; x_wconf 84' lang='lat' dir='ltr'><strong>operi</strong></span> <span class='ocrx_word' id='word_1_12' title='bbox 1091 437 1312 518; x_wconf 72' lang='lat' dir='ltr'><strong>praefiximus.</strong></span> <span class='ocrx_word' id='word_1_13' title='bbox 1354 450 1385 497; x_wconf 85' lang='lat' dir='ltr'><strong>ut</strong></span> 
     </span>
     <span class='ocr_line' id='line_1_3' title="bbox 284 520 1388 604; baseline -0.004 -19"><span class='ocrx_word' id='word_1_14' title='bbox 284 538 398 585; x_wconf 84' lang='lat' dir='ltr'><strong>taceam</strong></span> <span class='ocrx_word' id='word_1_15' title='bbox 421 525 542 583; x_wconf 89' lang='lat' dir='ltr'><strong>titulum</strong></span> <span class='ocrx_word' id='word_1_16' title='bbox 564 520 752 602; x_wconf 73' lang='lat' dir='ltr'><strong>logothetae,</strong></span> <span class='ocrx_word' id='word_1_17' title='bbox 772 542 849 604; x_wconf 86' lang='lat' dir='ltr'><strong>quae</strong></span> <span class='ocrx_word' id='word_1_18' title='bbox 869 543 988 581; x_wconf 76' lang='lat' dir='ltr'><strong>summ</strong></span> <span class='ocrx_word' id='word_1_19' title='bbox 1004 524 1060 581; x_wconf 83' lang='lat' dir='ltr'><strong>init</strong></span> <span class='ocrx_word' id='word_1_20' title='bbox 1074 522 1155 602; x_wconf 81' lang='lat' dir='ltr'><strong>apud</strong></span> <span class='ocrx_word' id='word_1_21' title='bbox 1169 524 1314 582; x_wconf 82' lang='lat' dir='ltr'><strong>Graecos</strong></span> <span class='ocrx_word' id='word_1_22' title='bbox 1328 526 1388 581; x_wconf 83' lang='lat' dir='ltr'><strong>ins·</strong></span> 
     </span>
     <span class='ocr_line' id='line_1_4' title="bbox 281 607 1385 690; baseline -0.003 -20"><span class='ocrx_word' id='word_1_23' title='bbox 281 622 430 690; x_wconf 80' lang='lat' dir='ltr'><strong>pecatores</strong></span> <span class='ocrx_word' id='word_1_24' title='bbox 450 607 598 688; x_wconf 79' lang='lat' dir='ltr'><strong>dignitas3</strong></span> <span class='ocrx_word' id='word_1_25' title='bbox 628 607 666 667; x_wconf 90' lang='lat' dir='ltr'><strong>de</strong></span> <span class='ocrx_word' id='word_1_26' title='bbox 690 626 751 689; x_wconf 82' lang='lat' dir='ltr'><strong>qua</strong></span> <span class='ocrx_word' id='word_1_27' title='bbox 770 627 843 667; x_wconf 84' lang='lat' dir='ltr'><strong>mox</strong></span> <span class='ocrx_word' id='word_1_28' title='bbox 863 609 941 666; x_wconf 83' lang='lat' dir='ltr'><strong>iufra</strong></span> <span class='ocrx_word' id='word_1_29' title='bbox 961 607 1109 689; x_wconf 83' lang='lat' dir='ltr'><strong>quaedam</strong></span> <span class='ocrx_word' id='word_1_30' title='bbox 1128 607 1246 667; x_wconf 78' lang='lat' dir='ltr'><strong>dicturi</strong></span> <span class='ocrx_word' id='word_1_31' title='bbox 1268 629 1385 667; x_wconf 73' lang='lat' dir='ltr'><strong>mmm.</strong></span> 
     </span>
     <span class='ocr_line' id='line_1_5' title="bbox 281 699 401 754; baseline -0.033 0"><span class='ocrx_word' id='word_1_32' title='bbox 281 699 401 754; x_wconf 78' lang='lat' dir='ltr'><strong>Douss.</strong></span> 
     </span>
    </p>

    <p class='ocr_par' dir='ltr' id='par_1_3' title="bbox 276 773 1457 3062">
     <span class='ocr_line' id='line_1_6' title="bbox 363 773 1383 857; baseline -0.001 -21"><span class='ocrx_word' id='word_1_33' title='bbox 363 780 426 836; x_wconf 84' lang='lat' dir='ltr'><strong>Tit.</strong></span> <span class='ocrx_word' id='word_1_34' title='bbox 441 776 709 857; x_wconf 77' lang='grc' dir='ltr'><strong><em>ΛΟΙῸΘΕΊὈΤ]</em></strong></span> <span class='ocrx_word' id='word_1_35' title='bbox 732 773 913 854; x_wconf 83' lang='lat' dir='ltr'><strong>Logothetes</strong></span> <span class='ocrx_word' id='word_1_36' title='bbox 941 777 1073 836; x_wconf 86' lang='lat' dir='ltr'><strong>auctoris</strong></span> <span class='ocrx_word' id='word_1_37' title='bbox 1091 796 1208 835; x_wconf 86' lang='lat' dir='ltr'><strong>nomen</strong></span> <span class='ocrx_word' id='word_1_38' title='bbox 1226 781 1383 857; x_wconf 76' lang='lat' dir='ltr'><strong>proprium</strong></span> 
     </span>
     <span class='ocr_line' id='line_1_7' title="bbox 280 858 1382 943; baseline -0.001 -23"><span class='ocrx_word' id='word_1_39' title='bbox 280 866 373 943; x_wconf 87' lang='lat' dir='ltr'><strong>possit</strong></span> <span class='ocrx_word' id='word_1_40' title='bbox 388 860 494 919; x_wconf 81' lang='lat' dir='ltr'><strong>rideri.</strong></span> <span class='ocrx_word' id='word_1_41' title='bbox 537 858 650 919; x_wconf 83' lang='lat' dir='ltr'><strong>sedeat</strong></span> <span class='ocrx_word' id='word_1_42' title='bbox 666 862 755 919; x_wconf 83' lang='lat' dir='ltr'><strong>cilicii</strong></span> <span class='ocrx_word' id='word_1_43' title='bbox 770 863 898 919; x_wconf 74' lang='lat' dir='ltr'>Palatini</span> <span class='ocrx_word' id='word_1_44' title='bbox 914 880 1042 936; x_wconf 80' lang='lat' dir='ltr'><strong>nomen3</strong></span> <span class='ocrx_word' id='word_1_45' title='bbox 1065 859 1149 919; x_wconf 87' lang='lat' dir='ltr'><strong>unde</strong></span> <span class='ocrx_word' id='word_1_46' title='bbox 1166 860 1255 920; x_wconf 79' lang='lat' dir='ltr'><strong>baud</strong></span> <span class='ocrx_word' id='word_1_47' title='bbox 1269 866 1331 921; x_wconf 86' lang='lat' dir='ltr'><strong>scio</strong></span> <span class='ocrx_word' id='word_1_48' title='bbox 1344 884 1382 919; x_wconf 81' lang='lat' dir='ltr'><strong>sn</strong></span> 
     </span>
     <span class='ocr_line' id='line_1_8' title="bbox 280 947 1379 1026; baseline -0.002 -21"><span class='ocrx_word' id='word_1_49' title='bbox 280 968 392 1005; x_wconf 82' lang='lat' dir='ltr'><strong>tromeu</strong></span> <span class='ocrx_word' id='word_1_50' title='bbox 412 947 582 1026; x_wconf 86' lang='lat' dir='ltr'><strong>proprium,</strong></span> <span class='ocrx_word' id='word_1_51' title='bbox 604 948 740 1025; x_wconf 80' lang='lat' dir='ltr'><strong>quamvis</strong></span> <span class='ocrx_word' id='word_1_52' title='bbox 759 956 902 1025; x_wconf 87' lang='lat' dir='ltr'><strong>pereunte</strong></span> <span class='ocrx_word' id='word_1_53' title='bbox 920 947 1036 1020; x_wconf 86' lang='lat' dir='ltr'><strong>officio,</strong></span> <span class='ocrx_word' id='word_1_54' title='bbox 1058 949 1092 1003; x_wconf 84' lang='lat' dir='ltr'><strong>in</strong></span> <span class='ocrx_word' id='word_1_55' title='bbox 1106 947 1230 1004; x_wconf 78' lang='lat' dir='ltr'><strong>familia</strong></span> <span class='ocrx_word' id='word_1_56' title='bbox 1242 968 1379 1026; x_wconf 85' lang='lat' dir='ltr'><strong>perman·</strong></span> 
     </span>
     <span class='ocr_line' id='line_1_9' title="bbox 282 1029 1377 1113; baseline -0.001 -23"><span class='ocrx_word' id='word_1_57' title='bbox 282 1036 364 1091; x_wconf 86' lang='lat' dir='ltr'><strong>serit.</strong></span> <span class='ocrx_word' id='word_1_58' title='bbox 408 1050 485 1113; x_wconf 89' lang='lat' dir='ltr'><strong>qnae</strong></span> <span class='ocrx_word' id='word_1_59' title='bbox 506 1041 606 1089; x_wconf 86' lang='lat' dir='ltr'><strong>sutem</strong></span> <span class='ocrx_word' id='word_1_60' title='bbox 619 1031 729 1091; x_wconf 78' lang='lat' dir='ltr'><strong>luerint</strong></span> <span class='ocrx_word' id='word_1_61' title='bbox 744 1029 928 1110; x_wconf 76' lang='lat' dir='ltr'><strong>Logotbetae</strong></span> <span class='ocrx_word' id='word_1_62' title='bbox 942 1041 1041 1109; x_wconf 85' lang='lat' dir='ltr'><strong>partes</strong></span> <span class='ocrx_word' id='word_1_63' title='bbox 1056 1029 1143 1110; x_wconf 83' lang='lat' dir='ltr'><strong>apud</strong></span> <span class='ocrx_word' id='word_1_64' title='bbox 1157 1035 1377 1112; x_wconf 77' lang='lat' dir='ltr'><strong>imperatorem,</strong></span> 
     </span>
     <span class='ocr_line' id='line_1_10' title="bbox 283 1112 1376 1199; baseline -0.003 -23"><span class='ocrx_word' id='word_1_65' title='bbox 283 1138 324 1176; x_wconf 83' lang='lat' dir='ltr'><strong>ex</strong></span> <span class='ocrx_word' id='word_1_66' title='bbox 340 1118 516 1196; x_wconf 71' lang='lat' dir='ltr'><strong>europalate</strong></span> <span class='ocrx_word' id='word_1_67' title='bbox 531 1136 583 1174; x_wconf 90' lang='lat' dir='ltr'><strong>sen</strong></span> <span class='ocrx_word' id='word_1_68' title='bbox 597 1117 723 1199; x_wconf 55' lang='lat' dir='ltr'><strong>(leot-gio</strong></span> <span class='ocrx_word' id='word_1_69' title='bbox 740 1112 854 1174; x_wconf 84' lang='lat' dir='ltr'><strong>Codiuo</strong></span> <span class='ocrx_word' id='word_1_70' title='bbox 867 1126 950 1194; x_wconf 86' lang='lat' dir='ltr'><strong>petas</strong></span> <span class='ocrx_word' id='word_1_71' title='bbox 962 1116 1081 1191; x_wconf 79' lang='lat' dir='ltr'>licebit,</span> <span class='ocrx_word' id='word_1_72' title='bbox 1102 1118 1194 1175; x_wconf 82' lang='lat' dir='ltr'><strong>cuins</strong></span> <span class='ocrx_word' id='word_1_73' title='bbox 1216 1127 1293 1174; x_wconf 81' lang='lat' dir='ltr'><strong>extat</strong></span> <span class='ocrx_word' id='word_1_74' title='bbox 1311 1117 1376 1174; x_wconf 84' lang='lat' dir='ltr'><strong>ele-</strong></span> 
     </span>
     <span class='ocr_line' id='line_1_11' title="bbox 284 1199 1376 1281; baseline -0.003 -20"><span class='ocrx_word' id='word_1_75' title='bbox 284 1205 478 1281; x_wconf 86' lang='lat' dir='ltr'><strong>gantissimus</strong></span> <span class='ocrx_word' id='word_1_76' title='bbox 501 1210 531 1257; x_wconf 89' lang='lat' dir='ltr'><strong>et</strong></span> <span class='ocrx_word' id='word_1_77' title='bbox 551 1203 787 1260; x_wconf 74' lang='lat' dir='ltr'><strong>accuratissimus</strong></span> <span class='ocrx_word' id='word_1_78' title='bbox 800 1199 837 1258; x_wconf 93' lang='lat' dir='ltr'><strong>de</strong></span> <span class='ocrx_word' id='word_1_79' title='bbox 853 1201 958 1259; x_wconf 87' lang='lat' dir='ltr'><strong>officiis</strong></span> <span class='ocrx_word' id='word_1_80' title='bbox 972 1201 1082 1258; x_wconf 84' lang='lat' dir='ltr'><strong>Palatii</strong></span> <span class='ocrx_word' id='word_1_81' title='bbox 1097 1202 1256 1280; x_wconf 83' lang='lat' dir='ltr'><strong>Cpolitsni</strong></span> <span class='ocrx_word' id='word_1_82' title='bbox 1270 1212 1298 1259; x_wconf 87' lang='lat' dir='ltr'><strong>et</strong></span> <span class='ocrx_word' id='word_1_83' title='bbox 1311 1222 1376 1258; x_wconf 78' lang='lat' dir='ltr'><strong>aaa·</strong></span> 
     </span>
     <span class='ocr_line' id='line_1_12' title="bbox 285 1283 1375 1366; baseline -0.001 -22"><span class='ocrx_word' id='word_1_84' title='bbox 285 1307 362 1366; x_wconf 82' lang='lat' dir='ltr'><strong>gnae</strong></span> <span class='ocrx_word' id='word_1_85' title='bbox 391 1287 532 1344; x_wconf 85' lang='lat' dir='ltr'><strong>eeclesiae</strong></span> <span class='ocrx_word' id='word_1_86' title='bbox 560 1286 689 1344; x_wconf 91' lang='lat' dir='ltr'><strong>libellus.</strong></span> <span class='ocrx_word' id='word_1_87' title='bbox 731 1284 801 1343; x_wconf 82' lang='lat' dir='ltr'><strong>ride</strong></span> <span class='ocrx_word' id='word_1_88' title='bbox 828 1295 858 1343; x_wconf 86' lang='lat' dir='ltr'><strong>et</strong></span> <span class='ocrx_word' id='word_1_89' title='bbox 886 1283 1028 1344; x_wconf 75' lang='lat' dir='ltr'><strong>Iohannis</strong></span> <span class='ocrx_word' id='word_1_90' title='bbox 1045 1287 1174 1344; x_wconf 81' lang='lat' dir='ltr'><strong>Menrsii</strong></span> <span class='ocrx_word' id='word_1_91' title='bbox 1197 1288 1375 1345; x_wconf 81' lang='lat' dir='ltr'><strong>Glossarium</strong></span> 
     </span>
     <span class='ocr_line' id='line_1_13' title="bbox 285 1368 1376 1451; baseline -0.002 -20"><span class='ocrx_word' id='word_1_92' title='bbox 285 1371 572 1445; x_wconf 81' lang='lat' dir='ltr'><strong>Graecoberbarum,</strong></span> <span class='ocrx_word' id='word_1_93' title='bbox 595 1390 635 1428; x_wconf 85' lang='lat' dir='ltr'><strong>ex</strong></span> <span class='ocrx_word' id='word_1_94' title='bbox 655 1389 715 1451; x_wconf 81' lang='lat' dir='ltr'><strong>qno</strong></span> <span class='ocrx_word' id='word_1_95' title='bbox 730 1368 826 1429; x_wconf 89' lang='lat' dir='ltr'><strong>disces</strong></span> <span class='ocrx_word' id='word_1_96' title='bbox 841 1372 931 1429; x_wconf 82' lang='lat' dir='ltr'><strong>variis</strong></span> <span class='ocrx_word' id='word_1_97' title='bbox 947 1370 1039 1429; x_wconf 84' lang='lat' dir='ltr'><strong>inisse</strong></span> <span class='ocrx_word' id='word_1_98' title='bbox 1054 1368 1260 1448; x_wconf 73' lang='lat' dir='ltr'><strong>dignitatibus</strong></span> <span class='ocrx_word' id='word_1_99' title='bbox 1276 1391 1376 1429; x_wconf 76' lang='lat' dir='ltr'><strong>nonen</strong></span> 
     </span>
     <span class='ocr_line' id='line_1_14' title="bbox 286 1456 1378 1535; baseline -0.001 -20"><span class='ocrx_word' id='word_1_100' title='bbox 286 1456 345 1515; x_wconf 85' lang='lat' dir='ltr'><strong>lsoc</strong></span> <span class='ocrx_word' id='word_1_101' title='bbox 366 1457 544 1535; x_wconf 86' lang='lat' dir='ltr'><strong>appositum.</strong></span> <span class='ocrx_word' id='word_1_102' title='bbox 586 1466 684 1513; x_wconf 84' lang='lat' dir='ltr'><strong>erate</strong></span> <span class='ocrx_word' id='word_1_103' title='bbox 704 1456 848 1514; x_wconf 73' lang='lat' dir='ltr'><strong>Palatinis</strong></span> <span class='ocrx_word' id='word_1_104' title='bbox 870 1456 924 1534; x_wconf 90' lang='lat' dir='ltr'><strong>(nt</strong></span> <span class='ocrx_word' id='word_1_105' title='bbox 938 1456 1155 1513; x_wconf 85' lang='lat' dir='ltr'><strong>ecclesiasticos</strong></span> <span class='ocrx_word' id='word_1_106' title='bbox 1169 1456 1378 1534; x_wconf 73' lang='lat' dir='ltr'><strong>praetereanl</strong></span> 
     </span>
     <span class='ocr_line' id='line_1_15' title="bbox 287 1537 1381 1621; baseline 0.001 -20"><span class='ocrx_word' id='word_1_107' title='bbox 287 1539 478 1621; x_wconf 74' lang='grc' dir='ltr'><strong><em>ὁλογοθέτης</em></strong></span> <span class='ocrx_word' id='word_1_108' title='bbox 491 1543 547 1599; x_wconf 83' lang='grc' dir='ltr'><strong>τοῦ</strong></span> <span class='ocrx_word' id='word_1_109' title='bbox 558 1543 690 1620; x_wconf 71' lang='lat' dir='ltr'><strong>remoti,</strong></span> <span class='ocrx_word' id='word_1_110' title='bbox 712 1537 745 1597; x_wconf 87' lang='lat' dir='ltr'><strong>id</strong></span> <span class='ocrx_word' id='word_1_111' title='bbox 759 1551 803 1599; x_wconf 89' lang='lat' dir='ltr'><strong>est</strong></span> <span class='ocrx_word' id='word_1_112' title='bbox 818 1542 934 1598; x_wconf 85' lang='lat' dir='ltr'><strong>aerarii.</strong></span> <span class='ocrx_word' id='word_1_113' title='bbox 976 1551 1040 1598; x_wconf 87' lang='lat' dir='ltr'><strong>erat</strong></span> <span class='ocrx_word' id='word_1_114' title='bbox 1052 1550 1082 1597; x_wconf 86' lang='lat' dir='ltr'><strong>et</strong></span> <span class='ocrx_word' id='word_1_115' title='bbox 1095 1538 1115 1601; x_wconf 79' lang='lat' dir='ltr'><strong>o&#39;</strong></span> <span class='ocrx_word' id='word_1_116' title='bbox 1128 1545 1194 1601; x_wconf 75' lang='lat' dir='ltr'><strong>sair</strong></span> <span class='ocrx_word' id='word_1_117' title='bbox 1210 1541 1381 1615; x_wconf 62' lang='grc' dir='ltr'><strong>οἰκετικόν,</strong></span> 
     </span>
     <span class='ocr_line' id='line_1_16' title="bbox 286 1619 1383 1706; baseline 0.003 -23"><span class='ocrx_word' id='word_1_118' title='bbox 286 1628 340 1706; x_wconf 91' lang='lat' dir='ltr'><strong>qui</strong></span> <span class='ocrx_word' id='word_1_119' title='bbox 353 1625 426 1683; x_wconf 90' lang='lat' dir='ltr'><strong>alias</strong></span> <span class='ocrx_word' id='word_1_120' title='bbox 440 1619 607 1703; x_wconf 76' lang='grc' dir='ltr'><strong><em>κουοάτωρ.</em></strong></span> <span class='ocrx_word' id='word_1_121' title='bbox 650 1636 733 1683; x_wconf 88' lang='lat' dir='ltr'><strong>erant</strong></span> <span class='ocrx_word' id='word_1_122' title='bbox 748 1635 899 1704; x_wconf 83' lang='lat' dir='ltr'><strong>praeterea</strong></span> <span class='ocrx_word' id='word_1_123' title='bbox 913 1622 932 1686; x_wconf 80' lang='lat' dir='ltr'><strong>d</strong></span> <span class='ocrx_word' id='word_1_124' title='bbox 944 1627 1001 1686; x_wconf 78' lang='lat' dir='ltr'><strong>sori</strong></span> <span class='ocrx_word' id='word_1_125' title='bbox 1014 1620 1141 1704; x_wconf 72' lang='grc' dir='ltr'><strong>δρόμου,</strong></span> <span class='ocrx_word' id='word_1_126' title='bbox 1163 1630 1226 1687; x_wconf 77' lang='grc' dir='ltr'><strong>τοῦ</strong></span> <span class='ocrx_word' id='word_1_127' title='bbox 1242 1646 1383 1702; x_wconf 68' lang='grc' dir='ltr'><strong>στρατια·</strong></span> 
     </span>
     <span class='ocr_line' id='line_1_17' title="bbox 286 1704 1382 1790; baseline -0.001 -20"><span class='ocrx_word' id='word_1_128' title='bbox 286 1713 387 1784; x_wconf 74' lang='grc' dir='ltr'><strong><em>τετοῦ,</em></strong></span> <span class='ocrx_word' id='word_1_129' title='bbox 408 1713 470 1770; x_wconf 74' lang='grc' dir='ltr'><strong><em>τοῖο</em></strong></span> <span class='ocrx_word' id='word_1_130' title='bbox 488 1704 620 1790; x_wconf 65' lang='lat' dir='ltr'><strong>circius,</strong></span> <span class='ocrx_word' id='word_1_131' title='bbox 641 1713 702 1770; x_wconf 80' lang='lat' dir='ltr'><strong>suiv</strong></span> <span class='ocrx_word' id='word_1_132' title='bbox 721 1708 881 1789; x_wconf 78' lang='grc' dir='ltr'><strong><em>σεκρέτων,</em></strong></span> <span class='ocrx_word' id='word_1_133' title='bbox 904 1711 955 1789; x_wconf 89' lang='lat' dir='ltr'><strong>qni</strong></span> <span class='ocrx_word' id='word_1_134' title='bbox 971 1720 1139 1788; x_wconf 89' lang='lat' dir='ltr'><strong>postremus</strong></span> <span class='ocrx_word' id='word_1_135' title='bbox 1156 1712 1289 1768; x_wconf 78' lang='lat' dir='ltr'><strong>Nicetes</strong></span> <span class='ocrx_word' id='word_1_136' title='bbox 1304 1709 1382 1769; x_wconf 80' lang='lat' dir='ltr'><strong>Cho-</strong></span> 
     </span>
     <span class='ocr_line' id='line_1_18' title="bbox 286 1787 1383 1876; baseline 0 -23"><span class='ocrx_word' id='word_1_137' title='bbox 286 1798 384 1853; x_wconf 78' lang='lat' dir='ltr'><strong>aristae</strong></span> <span class='ocrx_word' id='word_1_138' title='bbox 406 1796 439 1852; x_wconf 86' lang='lat' dir='ltr'><strong>in</strong></span> <span class='ocrx_word' id='word_1_139' title='bbox 461 1796 599 1855; x_wconf 81' lang='lat' dir='ltr'><strong>Manuale</strong></span> <span class='ocrx_word' id='word_1_140' title='bbox 624 1796 777 1853; x_wconf 79' lang='lat' dir='ltr'><strong>Comneno</strong></span> <span class='ocrx_word' id='word_1_141' title='bbox 795 1795 847 1852; x_wconf 87' lang='lat' dir='ltr'><strong>lib.</strong></span> <span class='ocrx_word' id='word_1_142' title='bbox 868 1798 887 1857; x_wconf 82' lang='lat'><strong>7</strong></span> <span class='ocrx_word' id='word_1_143' title='bbox 911 1796 1003 1852; x_wconf 88' lang='lat' dir='ltr'><strong>etiam</strong></span> <span class='ocrx_word' id='word_1_144' title='bbox 1022 1787 1243 1876; x_wconf 67' lang='grc' dir='ltr'><strong>τομελὶᾶριος</strong></span> <span class='ocrx_word' id='word_1_145' title='bbox 1265 1794 1383 1853; x_wconf 88' lang='lat' dir='ltr'><strong>dicitur.</strong></span> 
     </span>
     <span class='ocr_line' id='line_1_19' title="bbox 288 1877 1384 1960; baseline -0.001 -21"><span class='ocrx_word' id='word_1_146' title='bbox 288 1883 366 1939; x_wconf 89' lang='lat' dir='ltr'><strong>iuter</strong></span> <span class='ocrx_word' id='word_1_147' title='bbox 380 1899 483 1938; x_wconf 86' lang='lat' dir='ltr'><strong>omnes</strong></span> <span class='ocrx_word' id='word_1_148' title='bbox 496 1890 595 1938; x_wconf 86' lang='lat' dir='ltr'><strong>autem</strong></span> <span class='ocrx_word' id='word_1_149' title='bbox 607 1879 773 1937; x_wconf 80' lang='lat' dir='ltr'><strong>excellebat</strong></span> <span class='ocrx_word' id='word_1_150' title='bbox 787 1877 806 1941; x_wconf 81' lang='lat' dir='ltr'><strong>d</strong></span> <span class='ocrx_word' id='word_1_151' title='bbox 820 1877 911 1960; x_wconf 70' lang='grc' dir='ltr'><strong><em>μέγας</em></strong></span> <span class='ocrx_word' id='word_1_152' title='bbox 926 1878 1103 1959; x_wconf 73' lang='grc' dir='ltr'><strong><em>λογοθὲτης,</em></strong></span> <span class='ocrx_word' id='word_1_153' title='bbox 1128 1881 1263 1960; x_wconf 86' lang='lat' dir='ltr'><strong>eiusque</strong></span> <span class='ocrx_word' id='word_1_154' title='bbox 1275 1901 1384 1938; x_wconf 71' lang='lat' dir='ltr'><strong>munau</strong></span> 
     </span>
     <span class='ocr_line' id='line_1_20' title="bbox 287 1963 1383 2046; baseline -0.001 -22"><span class='ocrx_word' id='word_1_155' title='bbox 287 1970 364 2024; x_wconf 87' lang='lat' dir='ltr'><strong>circa</strong></span> <span class='ocrx_word' id='word_1_156' title='bbox 386 1963 526 2023; x_wconf 88' lang='lat' dir='ltr'><strong>mandata</strong></span> <span class='ocrx_word' id='word_1_157' title='bbox 545 1964 701 2045; x_wconf 86' lang='lat' dir='ltr'><strong>bullasque</strong></span> <span class='ocrx_word' id='word_1_158' title='bbox 716 1965 902 2043; x_wconf 87' lang='lat' dir='ltr'><strong>imperatoris</strong></span> <span class='ocrx_word' id='word_1_159' title='bbox 916 1973 946 2021; x_wconf 89' lang='lat' dir='ltr'><strong>et</strong></span> <span class='ocrx_word' id='word_1_160' title='bbox 956 1965 1016 2021; x_wconf 92' lang='lat' dir='ltr'><strong>alia</strong></span> <span class='ocrx_word' id='word_1_161' title='bbox 1038 1965 1136 2044; x_wconf 85' lang='lat' dir='ltr'><strong>(quse</strong></span> <span class='ocrx_word' id='word_1_162' title='bbox 1152 1964 1275 2023; x_wconf 81' lang='lat' dir='ltr'><strong>iunctio</strong></span> <span class='ocrx_word' id='word_1_163' title='bbox 1290 1986 1383 2046; x_wconf 77' lang='lat' dir='ltr'><strong>qnae-</strong></span> 
     </span>
     <span class='ocr_line' id='line_1_21' title="bbox 287 2047 1381 2129; baseline -0.002 -19"><span class='ocrx_word' id='word_1_164' title='bbox 287 2054 376 2111; x_wconf 82' lang='lat' dir='ltr'><strong>sto&#39;ris</strong></span> <span class='ocrx_word' id='word_1_165' title='bbox 393 2047 456 2127; x_wconf 89' lang='lat' dir='ltr'><strong>est)</strong></span> <span class='ocrx_word' id='word_1_166' title='bbox 479 2052 626 2129; x_wconf 89' lang='lat' dir='ltr'><strong>occupari.</strong></span> <span class='ocrx_word' id='word_1_167' title='bbox 669 2068 746 2129; x_wconf 90' lang='lat' dir='ltr'><strong>quae</strong></span> <span class='ocrx_word' id='word_1_168' title='bbox 766 2069 836 2107; x_wconf 90' lang='lat' dir='ltr'><strong>oum</strong></span> <span class='ocrx_word' id='word_1_169' title='bbox 851 2049 968 2128; x_wconf 83' lang='lat' dir='ltr'><strong>singula</strong></span> <span class='ocrx_word' id='word_1_170' title='bbox 982 2047 1214 2128; x_wconf 83' lang='lat' dir='ltr'><strong>diligentissime</strong></span> <span class='ocrx_word' id='word_1_171' title='bbox 1233 2050 1272 2107; x_wconf 84' lang='lat' dir='ltr'><strong>ab</strong></span> <span class='ocrx_word' id='word_1_172' title='bbox 1288 2055 1381 2108; x_wconf 81' lang='lat' dir='ltr'><strong>amica</strong></span> 
     </span>
     <span class='ocr_line' id='line_1_22' title="bbox 286 2135 1381 2213; baseline 0 -20"><span class='ocrx_word' id='word_1_173' title='bbox 286 2138 340 2194; x_wconf 85' lang='lat' dir='ltr'><strong>illo</strong></span> <span class='ocrx_word' id='word_1_174' title='bbox 356 2147 455 2194; x_wconf 84' lang='lat' dir='ltr'><strong>nostro</strong></span> <span class='ocrx_word' id='word_1_175' title='bbox 469 2137 719 2213; x_wconf 82' lang='lat' dir='ltr'><strong>praestantissimo</strong></span> <span class='ocrx_word' id='word_1_176' title='bbox 737 2135 884 2213; x_wconf 83' lang='lat' dir='ltr'><strong>explicata</strong></span> <span class='ocrx_word' id='word_1_177' title='bbox 901 2137 960 2193; x_wconf 88' lang='lat' dir='ltr'><strong>sint</strong></span> <span class='ocrx_word' id='word_1_178' title='bbox 976 2144 1006 2193; x_wconf 89' lang='lat' dir='ltr'><strong>et</strong></span> <span class='ocrx_word' id='word_1_179' title='bbox 1018 2143 1135 2207; x_wconf 85' lang='lat' dir='ltr'><strong>notata,</strong></span> <span class='ocrx_word' id='word_1_180' title='bbox 1158 2153 1381 2213; x_wconf 75' lang='lat' dir='ltr'><strong>supervacuam</strong></span> 
     </span>
     <span class='ocr_line' id='line_1_23' title="bbox 286 2216 1380 2300; baseline 0.001 -23"><span class='ocrx_word' id='word_1_181' title='bbox 286 2240 351 2277; x_wconf 88' lang='lat' dir='ltr'><strong>esse</strong></span> <span class='ocrx_word' id='word_1_182' title='bbox 370 2217 445 2277; x_wconf 86' lang='lat' dir='ltr'><strong>duxi</strong></span> <span class='ocrx_word' id='word_1_183' title='bbox 458 2238 492 2277; x_wconf 88' lang='lat' dir='ltr'><strong>ea</strong></span> <span class='ocrx_word' id='word_1_184' title='bbox 507 2217 721 2299; x_wconf 67' lang='lat' dir='ltr'><strong>increpuere,</strong></span> <span class='ocrx_word' id='word_1_185' title='bbox 743 2239 811 2278; x_wconf 84' lang='lat' dir='ltr'><strong>euna</strong></span> <span class='ocrx_word' id='word_1_186' title='bbox 826 2217 865 2276; x_wconf 92' lang='lat' dir='ltr'><strong>ad</strong></span> <span class='ocrx_word' id='word_1_187' title='bbox 880 2221 1046 2277; x_wconf 88' lang='lat' dir='ltr'><strong>satietatem</strong></span> <span class='ocrx_word' id='word_1_188' title='bbox 1059 2219 1144 2276; x_wconf 90' lang='lat' dir='ltr'><strong>illinc</strong></span> <span class='ocrx_word' id='word_1_189' title='bbox 1158 2216 1283 2277; x_wconf 69' lang='lat' dir='ltr'><strong>baurim</strong></span> <span class='ocrx_word' id='word_1_190' title='bbox 1298 2225 1380 2300; x_wconf 83' lang='lat' dir='ltr'><strong>qnis-</strong></span> 
     </span>
     <span class='ocr_line' id='line_1_24' title="bbox 286 2302 1380 2385; baseline 0.002 -24"><span class='ocrx_word' id='word_1_191' title='bbox 286 2324 344 2383; x_wconf 86' lang='lat' dir='ltr'><strong>que</strong></span> <span class='ocrx_word' id='word_1_192' title='bbox 364 2306 468 2381; x_wconf 89' lang='lat' dir='ltr'><strong>possit.</strong></span> <span class='ocrx_word' id='word_1_193' title='bbox 511 2304 660 2385; x_wconf 86' lang='lat' dir='ltr'><strong>quaedam</strong></span> <span class='ocrx_word' id='word_1_194' title='bbox 679 2308 769 2364; x_wconf 88' lang='lat' dir='ltr'><strong>etiam</strong></span> <span class='ocrx_word' id='word_1_195' title='bbox 790 2302 873 2362; x_wconf 91' lang='lat' dir='ltr'><strong>haud</strong></span> <span class='ocrx_word' id='word_1_196' title='bbox 888 2306 1011 2383; x_wconf 86' lang='lat' dir='ltr'><strong>protrita</strong></span> <span class='ocrx_word' id='word_1_197' title='bbox 1024 2302 1228 2383; x_wconf 83' lang='lat' dir='ltr'><strong>suppeditabit</strong></span> <span class='ocrx_word' id='word_1_198' title='bbox 1242 2325 1380 2363; x_wconf 85' lang='lat' dir='ltr'><strong>summus</strong></span> 
     </span>
     <span class='ocr_line' id='line_1_25' title="bbox 286 2385 1379 2462; baseline 0.001 -16"><span class='ocrx_word' id='word_1_199' title='bbox 286 2388 501 2446; x_wconf 87' lang='lat' dir='ltr'><strong>iureconsultus</strong></span> <span class='ocrx_word' id='word_1_200' title='bbox 523 2393 584 2448; x_wconf 86' lang='lat' dir='ltr'><strong>lac.</strong></span> <span class='ocrx_word' id='word_1_201' title='bbox 608 2393 745 2449; x_wconf 83' lang='lat' dir='ltr'><strong>Cniacius</strong></span> <span class='ocrx_word' id='word_1_202' title='bbox 767 2387 806 2448; x_wconf 92' lang='lat' dir='ltr'><strong>ad</strong></span> <span class='ocrx_word' id='word_1_203' title='bbox 824 2390 878 2448; x_wconf 91' lang='lat' dir='ltr'><strong>lib.</strong></span> <span class='ocrx_word' id='word_1_204' title='bbox 896 2391 936 2452; x_wconf 90' lang='grc'><strong>10</strong></span> <span class='ocrx_word' id='word_1_205' title='bbox 952 2385 1060 2447; x_wconf 88' lang='lat' dir='ltr'><strong>codicis</strong></span> <span class='ocrx_word' id='word_1_206' title='bbox 1073 2391 1252 2447; x_wconf 88' lang='lat' dir='ltr'><strong>iustinianei</strong></span> <span class='ocrx_word' id='word_1_207' title='bbox 1265 2392 1318 2447; x_wconf 89' lang='lat' dir='ltr'><strong>tit.</strong></span> <span class='ocrx_word' id='word_1_208' title='bbox 1332 2395 1379 2462; x_wconf 76' lang='grc'><strong>30,</strong></span> 
     </span>
     <span class='ocr_line' id='line_1_26' title="bbox 286 2472 1377 2553; baseline 0.002 -24"><span class='ocrx_word' id='word_1_209' title='bbox 286 2474 338 2553; x_wconf 89' lang='lat' dir='ltr'><strong>qui</strong></span> <span class='ocrx_word' id='word_1_210' title='bbox 361 2482 406 2530; x_wconf 91' lang='lat' dir='ltr'><strong>est</strong></span> <span class='ocrx_word' id='word_1_211' title='bbox 427 2472 463 2530; x_wconf 81' lang='lat' dir='ltr'><strong>de</strong></span> <span class='ocrx_word' id='word_1_212' title='bbox 484 2473 713 2545; x_wconf 58' lang='lat' dir='ltr'><strong>discussoribus,</strong></span> <span class='ocrx_word' id='word_1_213' title='bbox 733 2473 844 2549; x_wconf 88' lang='lat' dir='ltr'><strong>idest,</strong></span> <span class='ocrx_word' id='word_1_214' title='bbox 865 2478 891 2532; x_wconf 90' lang='lat' dir='ltr'><strong>l.</strong></span> <span class='ocrx_word' id='word_1_215' title='bbox 908 2475 942 2532; x_wconf 86' lang='lat' dir='ltr'><strong>C.</strong></span> <span class='ocrx_word' id='word_1_216' title='bbox 956 2474 1132 2553; x_wconf 82' lang='lat' dir='ltr'><strong>interprete,</strong></span> <span class='ocrx_word' id='word_1_217' title='bbox 1155 2473 1330 2553; x_wconf 52' lang='lat' dir='ltr'><strong>Qootlsetic</strong></span> <span class='ocrx_word' id='word_1_218' title='bbox 1350 2487 1377 2531; x_wconf 86' lang='lat' dir='ltr'><strong>et</strong></span> 
     </span>
     <span class='ocr_line' id='line_1_27' title="bbox 285 2558 1376 2640; baseline 0.001 -25"><span class='ocrx_word' id='word_1_219' title='bbox 285 2558 463 2615; x_wconf 72' lang='lat' dir='ltr'><strong>dascussores</strong></span> <span class='ocrx_word' id='word_1_220' title='bbox 484 2559 526 2615; x_wconf 86' lang='lat' dir='ltr'><strong>ait</strong></span> <span class='ocrx_word' id='word_1_221' title='bbox 548 2578 613 2617; x_wconf 92' lang='lat' dir='ltr'><strong>esse</strong></span> <span class='ocrx_word' id='word_1_222' title='bbox 636 2561 730 2617; x_wconf 85' lang='lat' dir='ltr'><strong>veluti</strong></span> <span class='ocrx_word' id='word_1_223' title='bbox 758 2561 920 2640; x_wconf 47' lang='lat' dir='ltr'><strong>nugatores</strong></span> <span class='ocrx_word' id='word_1_224' title='bbox 943 2570 971 2615; x_wconf 82' lang='lat' dir='ltr'><strong>st</strong></span> <span class='ocrx_word' id='word_1_225' title='bbox 993 2559 1204 2637; x_wconf 71' lang='lat' dir='ltr'><strong>dssceptotom</strong></span> <span class='ocrx_word' id='word_1_226' title='bbox 1228 2564 1376 2617; x_wconf 68' lang='lat' dir='ltr'><strong>ratium</strong></span> 
     </span>
     <span class='ocr_line' id='line_1_28' title="bbox 276 2640 1370 2722; baseline 0.003 -25"><span class='ocrx_word' id='word_1_227' title='bbox 276 2640 435 2719; x_wconf 75' lang='lat' dir='ltr'><strong>fiscalium</strong></span> <span class='ocrx_word' id='word_1_228' title='bbox 452 2640 491 2697; x_wconf 82' lang='lat' dir='ltr'><strong>ab</strong></span> <span class='ocrx_word' id='word_1_229' title='bbox 512 2641 584 2698; x_wconf 71' lang='lat' dir='ltr'><strong>aliis</strong></span> <span class='ocrx_word' id='word_1_230' title='bbox 607 2653 805 2701; x_wconf 79' lang='lat' dir='ltr'><strong>tractatarum</strong></span> <span class='ocrx_word' id='word_1_231' title='bbox 824 2645 874 2702; x_wconf 78' lang='lat' dir='ltr'><strong>vel</strong></span> <span class='ocrx_word' id='word_1_232' title='bbox 894 2645 982 2701; x_wconf 78' lang='lat' dir='ltr'><strong>eliam</strong></span> <span class='ocrx_word' id='word_1_233' title='bbox 998 2647 1151 2701; x_wconf 70' lang='lat' dir='ltr'><strong>minuunt</strong></span> <span class='ocrx_word' id='word_1_234' title='bbox 1166 2643 1370 2722; x_wconf 63' lang='lat' dir='ltr'><strong>puliceam</strong></span> 
     </span>
     <span class='ocr_line' id='line_1_29' title="bbox 286 2725 1372 2810; baseline 0 -25"><span class='ocrx_word' id='word_1_235' title='bbox 286 2726 411 2785; x_wconf 75' lang='lat' dir='ltr'><strong>Novella</strong></span> <span class='ocrx_word' id='word_1_236' title='bbox 428 2725 629 2784; x_wconf 84' lang='lat' dir='ltr'><strong>Valentiniani</strong></span> <span class='ocrx_word' id='word_1_237' title='bbox 651 2725 688 2785; x_wconf 90' lang='lat' dir='ltr'><strong>de</strong></span> <span class='ocrx_word' id='word_1_238' title='bbox 709 2725 829 2807; x_wconf 84' lang='lat' dir='ltr'><strong>Indulg.</strong></span> <span class='ocrx_word' id='word_1_239' title='bbox 850 2730 936 2810; x_wconf 86' lang='lat' dir='ltr'><strong>reliq.</strong></span> <span class='ocrx_word' id='word_1_240' title='bbox 958 2730 1048 2787; x_wconf 88' lang='lat' dir='ltr'><strong>reiert</strong></span> <span class='ocrx_word' id='word_1_241' title='bbox 1068 2728 1372 2806; x_wconf 78' lang='lat' dir='ltr'><strong>discussoresispro-</strong></span> 
     </span>
     <span class='ocr_line' id='line_1_30' title="bbox 288 2809 1456 2894; baseline -0.003 -23"><span class='ocrx_word' id='word_1_242' title='bbox 288 2812 402 2871; x_wconf 71' lang='grc' dir='ltr'><strong>νὺιοὰιο</strong></span> <span class='ocrx_word' id='word_1_243' title='bbox 416 2809 592 2890; x_wconf 82' lang='lat' dir='ltr'><strong>plerumque</strong></span> <span class='ocrx_word' id='word_1_244' title='bbox 606 2812 761 2889; x_wconf 67' lang='lat' dir='ltr'><strong>proficisci</strong></span> <span class='ocrx_word' id='word_1_245' title='bbox 774 2813 934 2871; x_wconf 67' lang='lat' dir='ltr'><strong>sorbitium</strong></span> <span class='ocrx_word' id='word_1_246' title='bbox 953 2825 982 2872; x_wconf 84' lang='lat' dir='ltr'><strong>st</strong></span> <span class='ocrx_word' id='word_1_247' title='bbox 1000 2813 1146 2894; x_wconf 67' lang='lat' dir='ltr'><strong>suffragio</strong></span> <span class='ocrx_word' id='word_1_248' title='bbox 1161 2818 1269 2892; x_wconf 69' lang='lat' dir='ltr'><strong>ponus</strong></span> <span class='ocrx_word' id='word_1_249' title='bbox 1288 2834 1375 2893; x_wconf 71' lang='lat' dir='ltr'><strong>qam</strong></span> <span class='ocrx_word' id='word_1_250' title='bbox 1455 2850 1456 2867; x_wconf 45' lang='lat' dir='ltr'><strong>t</strong></span> 
     </span>
     <span class='ocr_line' id='line_1_31' title="bbox 288 2895 1378 2979; baseline 0.001 -23"><span class='ocrx_word' id='word_1_251' title='bbox 288 2899 389 2956; x_wconf 71' lang='lat' dir='ltr'><strong>mert&#39;to</strong></span> <span class='ocrx_word' id='word_1_252' title='bbox 414 2895 464 2955; x_wconf 73' lang='lat' dir='ltr'><strong>vel</strong></span> <span class='ocrx_word' id='word_1_253' title='bbox 483 2895 620 2954; x_wconf 71' lang='lat' dir='ltr'><strong>electione</strong></span> <span class='ocrx_word' id='word_1_254' title='bbox 637 2909 731 2969; x_wconf 68' lang='lat' dir='ltr'><strong>outa,</strong></span> <span class='ocrx_word' id='word_1_255' title='bbox 752 2909 780 2955; x_wconf 82' lang='lat' dir='ltr'><strong>et</strong></span> <span class='ocrx_word' id='word_1_256' title='bbox 797 2900 945 2979; x_wconf 66' lang='lat' dir='ltr'><strong>nigressos</strong></span> <span class='ocrx_word' id='word_1_257' title='bbox 958 2901 1059 2971; x_wconf 75' lang='lat' dir='ltr'><strong>statuo</strong></span> <span class='ocrx_word' id='word_1_258' title='bbox 1072 2910 1203 2977; x_wconf 76' lang='lat' dir='ltr'><strong>expetere</strong></span> <span class='ocrx_word' id='word_1_259' title='bbox 1216 2898 1378 2957; x_wconf 65' lang='lat' dir='ltr'><strong>minnela</strong></span> 
     </span>
     <span class='ocr_line' id='line_1_32' title="bbox 288 2980 1379 3062; baseline 0.001 -21"><span class='ocrx_word' id='word_1_260' title='bbox 288 2994 378 3062; x_wconf 84' lang='lat' dir='ltr'><strong>atque</strong></span> <span class='ocrx_word' id='word_1_261' title='bbox 391 2984 481 3040; x_wconf 85' lang='lat' dir='ltr'><strong>etiam</strong></span> <span class='ocrx_word' id='word_1_262' title='bbox 490 2980 648 3042; x_wconf 74' lang='lat' dir='ltr'><strong>scholares.</strong></span> <span class='ocrx_word' id='word_1_263' title='bbox 694 2981 818 3043; x_wconf 85' lang='lat' dir='ltr'><strong>exbibet</strong></span> <span class='ocrx_word' id='word_1_264' title='bbox 836 2983 949 3042; x_wconf 88' lang='lat' dir='ltr'><strong>ibidem</strong></span> <span class='ocrx_word' id='word_1_265' title='bbox 963 2986 1009 3043; x_wconf 86' lang='lat' dir='ltr'><strong>rir</strong></span> <span class='ocrx_word' id='word_1_266' title='bbox 1022 3004 1157 3044; x_wconf 89' lang='lat' dir='ltr'><strong>summus</strong></span> <span class='ocrx_word' id='word_1_267' title='bbox 1169 2983 1259 3048; x_wconf 77' lang='lat' dir='ltr'><strong>lib.4</strong></span> <span class='ocrx_word' id='word_1_268' title='bbox 1275 2985 1379 3043; x_wconf 82' lang='lat' dir='ltr'><strong>exlib.</strong></span> 
     </span>
    </p>

    <p class='ocr_par' dir='ltr' id='par_1_4' title="bbox 288 3067 1455 4170">
     <span class='ocr_line' id='line_1_33' title="bbox 290 3067 1455 3149; baseline -0.005 -19"><span class='ocrx_word' id='word_1_269' title='bbox 290 3067 331 3132; x_wconf 82' lang='lat'><strong>56</strong></span> <span class='ocrx_word' id='word_1_270' title='bbox 348 3069 513 3144; x_wconf 88' lang='lat' dir='ltr'><strong>Basilicon‚</strong></span> <span class='ocrx_word' id='word_1_271' title='bbox 538 3086 616 3149; x_wconf 90' lang='lat' dir='ltr'><strong>quae</strong></span> <span class='ocrx_word' id='word_1_272' title='bbox 629 3070 780 3129; x_wconf 83' lang='lat' dir='ltr'><strong>exulabat.</strong></span> <span class='ocrx_word' id='word_1_273' title='bbox 823 3072 907 3130; x_wconf 89' lang='lat' dir='ltr'><strong>cuius</strong></span> <span class='ocrx_word' id='word_1_274' title='bbox 922 3071 1019 3148; x_wconf 89' lang='lat' dir='ltr'><strong>capita</strong></span> <span class='ocrx_word' id='word_1_275' title='bbox 1031 3072 1191 3149; x_wconf 86' lang='lat' dir='ltr'><strong>praecipua</strong></span> <span class='ocrx_word' id='word_1_276' title='bbox 1204 3067 1284 3128; x_wconf 81' lang='lat' dir='ltr'><strong>baec</strong></span> <span class='ocrx_word' id='word_1_277' title='bbox 1295 3080 1378 3127; x_wconf 82' lang='lat' dir='ltr'><strong>sunt:</strong></span> <span class='ocrx_word' id='word_1_278' title='bbox 1454 3114 1455 3117; x_wconf 14' lang='grc' dir='ltr'>η</span> 
     </span>
     <span class='ocr_line' id='line_1_34' title="bbox 290 3146 1455 3233; baseline 0.001 -22"><span class='ocrx_word' id='word_1_279' title='bbox 290 3174 352 3212; x_wconf 84' lang='lat' dir='ltr'><strong>nors</strong></span> <span class='ocrx_word' id='word_1_280' title='bbox 369 3154 448 3211; x_wconf 69' lang='lat' dir='ltr'><strong>nutri</strong></span> <span class='ocrx_word' id='word_1_281' title='bbox 465 3155 498 3211; x_wconf 82' lang='lat' dir='ltr'><strong>irs</strong></span> <span class='ocrx_word' id='word_1_282' title='bbox 515 3156 689 3232; x_wconf 75' lang='lat' dir='ltr'><strong>provincius</strong></span> <span class='ocrx_word' id='word_1_283' title='bbox 712 3154 907 3213; x_wconf 78' lang='lat' dir='ltr'><strong>discussorem</strong></span> <span class='ocrx_word' id='word_1_284' title='bbox 930 3157 994 3213; x_wconf 72' lang='lat' dir='ltr'><strong>suas</strong></span> <span class='ocrx_word' id='word_1_285' title='bbox 1017 3157 1194 3214; x_wconf 68' lang='lat' dir='ltr'><strong>mutuato</strong></span> <span class='ocrx_word' id='word_1_286' title='bbox 1213 3157 1381 3233; x_wconf 75' lang='lat' dir='ltr'><strong>pn&#39;rsos&#39;ps&#39;s5</strong></span> <span class='ocrx_word' id='word_1_287' title='bbox 1454 3146 1455 3181; x_wconf 59' lang='lat'>¹</span> 
     </span>
     <span class='ocr_line' id='line_1_35' title="bbox 289 3238 1381 3318; baseline 0.002 -22"><span class='ocrx_word' id='word_1_288' title='bbox 289 3238 431 3297; x_wconf 59' lang='lat' dir='ltr'><strong>&amp;seuseu</strong></span> <span class='ocrx_word' id='word_1_289' title='bbox 452 3238 599 3318; x_wconf 79' lang='lat' dir='ltr'><strong>apocham</strong></span> <span class='ocrx_word' id='word_1_290' title='bbox 616 3260 736 3298; x_wconf 73' lang='lat' dir='ltr'><strong>sacrm</strong></span> <span class='ocrx_word' id='word_1_291' title='bbox 758 3239 808 3298; x_wconf 79' lang='lat' dir='ltr'><strong>vel</strong></span> <span class='ocrx_word' id='word_1_292' title='bbox 824 3260 846 3298; x_wconf 86' lang='grc' dir='ltr'><strong><em>ο</em></strong></span> <span class='ocrx_word' id='word_1_293' title='bbox 863 3240 1027 3299; x_wconf 68' lang='lat' dir='ltr'><strong>dsscusaors</strong></span> <span class='ocrx_word' id='word_1_294' title='bbox 1042 3239 1123 3313; x_wconf 68' lang='lat' dir='ltr'><strong>dati,-</strong></span> <span class='ocrx_word' id='word_1_295' title='bbox 1143 3250 1286 3317; x_wconf 63' lang='grc' dir='ltr'><strong><em>τωρωι</em></strong></span> <span class='ocrx_word' id='word_1_296' title='bbox 1300 3240 1381 3298; x_wconf 76' lang='lat' dir='ltr'><strong>sola·</strong></span> 
     </span>
     <span class='ocr_line' id='line_1_36' title="bbox 289 3323 1383 3404; baseline 0.004 -24"><span class='ocrx_word' id='word_1_297' title='bbox 289 3324 391 3402; x_wconf 79' lang='lat' dir='ltr'><strong>licque</strong></span> <span class='ocrx_word' id='word_1_298' title='bbox 406 3323 598 3382; x_wconf 74' lang='lat' dir='ltr'><strong>discussorem</strong></span> <span class='ocrx_word' id='word_1_299' title='bbox 611 3326 673 3382; x_wconf 78' lang='lat' dir='ltr'><strong>sive</strong></span> <span class='ocrx_word' id='word_1_300' title='bbox 685 3323 849 3404; x_wconf 75' lang='lat' dir='ltr'><strong>logothelen</strong></span> <span class='ocrx_word' id='word_1_301' title='bbox 862 3323 971 3383; x_wconf 72' lang='lat' dir='ltr'><strong>haban</strong></span> <span class='ocrx_word' id='word_1_302' title='bbox 980 3346 1015 3383; x_wconf 82' lang='lat' dir='ltr'><strong>ex</strong></span> <span class='ocrx_word' id='word_1_303' title='bbox 1021 3324 1160 3404; x_wconf 78' lang='lat' dir='ltr'><strong>publico,</strong></span> <span class='ocrx_word' id='word_1_304' title='bbox 1180 3324 1263 3384; x_wconf 75' lang='lat' dir='ltr'><strong>rts&#39;lss&#39;l</strong></span> <span class='ocrx_word' id='word_1_305' title='bbox 1275 3345 1383 3404; x_wconf 73' lang='lat' dir='ltr'><strong>cupa-s</strong></span> 
     </span>
     <span class='ocr_line' id='line_1_37' title="bbox 289 3404 1383 3489; baseline 0.003 -24"><span class='ocrx_word' id='word_1_306' title='bbox 289 3427 311 3465; x_wconf 84' lang='lat' dir='ltr'><strong>o</strong></span> <span class='ocrx_word' id='word_1_307' title='bbox 328 3407 531 3467; x_wconf 65' lang='lat' dir='ltr'><strong>cothurnus.</strong></span> <span class='ocrx_word' id='word_1_308' title='bbox 577 3408 725 3470; x_wconf 88' lang='lat' dir='ltr'><strong>discussor</strong></span> <span class='ocrx_word' id='word_1_309' title='bbox 739 3413 771 3467; x_wconf 92' lang='lat' dir='ltr'><strong>in</strong></span> <span class='ocrx_word' id='word_1_310' title='bbox 788 3411 912 3468; x_wconf 79' lang='lat' dir='ltr'><strong>Novella</strong></span> <span class='ocrx_word' id='word_1_311' title='bbox 926 3404 1127 3470; x_wconf 81' lang='lat' dir='ltr'><strong>Valentiniani</strong></span> <span class='ocrx_word' id='word_1_312' title='bbox 1140 3411 1167 3473; x_wconf 83' lang='lat' dir='ltr'><strong>i.</strong></span> <span class='ocrx_word' id='word_1_313' title='bbox 1182 3407 1213 3467; x_wconf 94' lang='lat' dir='ltr'><strong>d.</strong></span> <span class='ocrx_word' id='word_1_314' title='bbox 1230 3412 1383 3489; x_wconf 78' lang='lat' dir='ltr'><strong>iesapeetor</strong></span> 
     </span>
     <span class='ocr_line' id='line_1_38' title="bbox 290 3491 1383 3576; baseline 0.003 -26"><span class='ocrx_word' id='word_1_315' title='bbox 290 3503 422 3552; x_wconf 86' lang='lat' dir='ltr'><strong>vocatur.</strong></span> <span class='ocrx_word' id='word_1_316' title='bbox 464 3491 519 3552; x_wconf 88' lang='lat' dir='ltr'><strong>sed</strong></span> <span class='ocrx_word' id='word_1_317' title='bbox 531 3494 715 3576; x_wconf 86' lang='lat' dir='ltr'><strong>frequentius</strong></span> <span class='ocrx_word' id='word_1_318' title='bbox 729 3493 892 3576; x_wconf 69' lang='grc' dir='ltr'><strong><em>λογοθὲτης</em></strong></span> <span class='ocrx_word' id='word_1_319' title='bbox 904 3492 1020 3555; x_wconf 86' lang='lat' dir='ltr'><strong>dicitur.</strong></span> <span class='ocrx_word' id='word_1_320' title='bbox 1061 3497 1224 3575; x_wconf 84' lang='lat' dir='ltr'><strong>Procopius</strong></span> <span class='ocrx_word' id='word_1_321' title='bbox 1238 3495 1296 3553; x_wconf 88' lang='lat' dir='ltr'><strong>lib.</strong></span> <span class='ocrx_word' id='word_1_322' title='bbox 1309 3500 1333 3560; x_wconf 70' lang='grc' dir='ltr'><strong>Ξ</strong></span> <span class='ocrx_word' id='word_1_323' title='bbox 1346 3493 1383 3553; x_wconf 85' lang='lat' dir='ltr'><strong>ds</strong></span> 
     </span>
     <span class='ocr_line' id='line_1_39' title="bbox 289 3572 1384 3666; baseline 0.008 -31"><span class='ocrx_word' id='word_1_324' title='bbox 289 3576 370 3637; x_wconf 92' lang='lat' dir='ltr'><strong>bello</strong></span> <span class='ocrx_word' id='word_1_325' title='bbox 392 3575 534 3637; x_wconf 87' lang='lat' dir='ltr'><strong>Gothico:</strong></span> <span class='ocrx_word' id='word_1_326' title='bbox 556 3572 597 3660; x_wconf 75' lang='lat' dir='ltr'><strong>ele</strong></span> <span class='ocrx_word' id='word_1_327' title='bbox 618 3577 651 3642; x_wconf 79' lang='lat' dir='ltr'><strong>di</strong></span> <span class='ocrx_word' id='word_1_328' title='bbox 668 3575 856 3658; x_wconf 70' lang='grc' dir='ltr'><strong>Ἀλέξανδρός</strong></span> <span class='ocrx_word' id='word_1_329' title='bbox 870 3603 915 3653; x_wconf 80' lang='grc' dir='ltr'><strong>τις</strong></span> <span class='ocrx_word' id='word_1_330' title='bbox 931 3579 965 3643; x_wconf 78' lang='lat' dir='ltr'><strong>lv</strong></span> <span class='ocrx_word' id='word_1_331' title='bbox 979 3581 1131 3666; x_wconf 64' lang='grc' dir='ltr'><strong>Βυζαντίῳ</strong></span> <span class='ocrx_word' id='word_1_332' title='bbox 1144 3586 1208 3655; x_wconf 80' lang='grc' dir='ltr'><strong><em>τοῖς</em></strong></span> <span class='ocrx_word' id='word_1_333' title='bbox 1222 3581 1384 3659; x_wconf 74' lang='grc' dir='ltr'><strong><em>δημοσίοις</em></strong></span> 
     </span>
     <span class='ocr_line' id='line_1_40' title="bbox 288 3659 1385 3746; baseline 0.002 -21"><span class='ocrx_word' id='word_1_334' title='bbox 288 3659 421 3740; x_wconf 67' lang='lat' dir='ltr'><strong>ipsosne</strong></span> <span class='ocrx_word' id='word_1_335' title='bbox 441 3667 609 3746; x_wconf 65' lang='grc' dir='ltr'><strong><em>λογισμοῖς·</em></strong></span> <span class='ocrx_word' id='word_1_336' title='bbox 630 3664 796 3745; x_wconf 72' lang='grc' dir='ltr'><strong><em>λογοθὲτηο</em></strong></span> <span class='ocrx_word' id='word_1_337' title='bbox 814 3660 1079 3746; x_wconf 59' lang='lat' dir='ltr'><strong>{neritonensis</strong></span> <span class='ocrx_word' id='word_1_338' title='bbox 1092 3659 1183 3746; x_wconf 74' lang='grc' dir='ltr'><strong><em>τιμὴν</em></strong></span> <span class='ocrx_word' id='word_1_339' title='bbox 1196 3659 1316 3744; x_wconf 68' lang='grc' dir='ltr'><strong><em>ταύτῃ</em></strong></span> <span class='ocrx_word' id='word_1_340' title='bbox 1330 3689 1385 3727; x_wconf 81' lang='grc' dir='ltr'><strong>ττ-</strong></span> 
     </span>
     <span class='ocr_line' id='line_1_41' title="bbox 288 3747 1385 3829; baseline 0 -21"><span class='ocrx_word' id='word_1_341' title='bbox 288 3751 376 3810; x_wconf 73' lang='lat' dir='ltr'><strong>lorice</strong></span> <span class='ocrx_word' id='word_1_342' title='bbox 397 3747 543 3828; x_wconf 80' lang='grc' dir='ltr'><strong><em>Ῥωμαῖοι.</em></strong></span> <span class='ocrx_word' id='word_1_343' title='bbox 584 3750 617 3807; x_wconf 89' lang='lat' dir='ltr'><strong>iu</strong></span> <span class='ocrx_word' id='word_1_344' title='bbox 649 3753 772 3810; x_wconf 78' lang='lat' dir='ltr'><strong>vetantis</strong></span> <span class='ocrx_word' id='word_1_345' title='bbox 799 3751 949 3829; x_wconf 81' lang='lat' dir='ltr'><strong>glossariis</strong></span> <span class='ocrx_word' id='word_1_346' title='bbox 975 3750 1124 3809; x_wconf 74' lang='lat' dir='ltr'><strong>discussor</strong></span> <span class='ocrx_word' id='word_1_347' title='bbox 1145 3750 1220 3809; x_wconf 87' lang='lat' dir='ltr'><strong>alias</strong></span> <span class='ocrx_word' id='word_1_348' title='bbox 1246 3748 1385 3808; x_wconf 84' lang='lat' dir='ltr'><strong>redditur</strong></span> 
     </span>
     <span class='ocr_line' id='line_1_42' title="bbox 288 3827 1385 3917; baseline -0.001 -23"><span class='ocrx_word' id='word_1_349' title='bbox 288 3829 422 3912; x_wconf 72' lang='grc' dir='ltr'><strong><em>τράκτωρ</em></strong></span> <span class='ocrx_word' id='word_1_350' title='bbox 440 3827 634 3913; x_wconf 68' lang='grc' dir='ltr'><strong>στρατιώτης,</strong></span> <span class='ocrx_word' id='word_1_351' title='bbox 657 3836 731 3894; x_wconf 87' lang='lat' dir='ltr'><strong>alias</strong></span> <span class='ocrx_word' id='word_1_352' title='bbox 749 3836 919 3917; x_wconf 75' lang='grc' dir='ltr'><strong><em>λογοθέτης.</em></strong></span> <span class='ocrx_word' id='word_1_353' title='bbox 962 3854 1022 3916; x_wconf 90' lang='lat' dir='ltr'><strong>quo</strong></span> <span class='ocrx_word' id='word_1_354' title='bbox 1036 3846 1137 3895; x_wconf 87' lang='lat' dir='ltr'><strong>autem</strong></span> <span class='ocrx_word' id='word_1_355' title='bbox 1149 3855 1275 3893; x_wconf 79' lang='lat' dir='ltr'><strong>munere</strong></span> <span class='ocrx_word' id='word_1_356' title='bbox 1292 3838 1385 3894; x_wconf 84' lang='lat' dir='ltr'><strong>exiis</strong></span> 
     </span>
     <span class='ocr_line' id='line_1_43' title="bbox 288 3917 1386 4000; baseline 0.003 -23"><span class='ocrx_word' id='word_1_357' title='bbox 288 3918 426 3977; x_wconf 85' lang='lat' dir='ltr'><strong>omnibus</strong></span> <span class='ocrx_word' id='word_1_358' title='bbox 447 3930 549 3978; x_wconf 84' lang='lat' dir='ltr'><strong>noster</strong></span> <span class='ocrx_word' id='word_1_359' title='bbox 568 3920 712 4000; x_wconf 80' lang='lat' dir='ltr'><strong>Georgius</strong></span> <span class='ocrx_word' id='word_1_360' title='bbox 732 3921 851 3980; x_wconf 80' lang='lat' dir='ltr'><strong>functus</strong></span> <span class='ocrx_word' id='word_1_361' title='bbox 871 3923 925 3996; x_wconf 86' lang='lat' dir='ltr'><strong>ait,</strong></span> <span class='ocrx_word' id='word_1_362' title='bbox 946 3918 1029 3980; x_wconf 88' lang='lat' dir='ltr'><strong>haud</strong></span> <span class='ocrx_word' id='word_1_363' title='bbox 1049 3923 1122 3981; x_wconf 88' lang='lat' dir='ltr'><strong>satis</strong></span> <span class='ocrx_word' id='word_1_364' title='bbox 1140 3917 1218 3979; x_wconf 78' lang='lat' dir='ltr'><strong>mihi</strong></span> <span class='ocrx_word' id='word_1_365' title='bbox 1235 3917 1386 3981; x_wconf 81' lang='lat' dir='ltr'><strong>hactenus</strong></span> 
     </span>
     <span class='ocr_line' id='line_1_44' title="bbox 291 4002 1386 4086; baseline 0.002 -26"><span class='ocrx_word' id='word_1_366' title='bbox 291 4013 476 4082; x_wconf 86' lang='lat' dir='ltr'><strong>compertum</strong></span> <span class='ocrx_word' id='word_1_367' title='bbox 489 4014 545 4065; x_wconf 89' lang='lat' dir='ltr'><strong>est.</strong></span> <span class='ocrx_word' id='word_1_368' title='bbox 587 4024 678 4085; x_wconf 87' lang='lat' dir='ltr'><strong>qnare</strong></span> <span class='ocrx_word' id='word_1_369' title='bbox 692 4003 768 4063; x_wconf 93' lang='lat' dir='ltr'><strong>lllud</strong></span> <span class='ocrx_word' id='word_1_370' title='bbox 781 4008 814 4063; x_wconf 87' lang='lat' dir='ltr'><strong>iu</strong></span> <span class='ocrx_word' id='word_1_371' title='bbox 827 4005 961 4064; x_wconf 87' lang='lat' dir='ltr'><strong>medium</strong></span> <span class='ocrx_word' id='word_1_372' title='bbox 976 4007 1123 4086; x_wconf 86' lang='lat' dir='ltr'><strong>relinquo,</strong></span> <span class='ocrx_word' id='word_1_373' title='bbox 1144 4002 1263 4064; x_wconf 85' lang='lat' dir='ltr'><strong>erudito</strong></span> <span class='ocrx_word' id='word_1_374' title='bbox 1278 4005 1386 4064; x_wconf 81' lang='lat' dir='ltr'><strong>lectori</strong></span> 
     </span>
     <span class='ocr_line' id='line_1_45' title="bbox 292 4087 1388 4170; baseline 0.002 -25"><span class='ocrx_word' id='word_1_375' title='bbox 292 4087 542 4167; x_wconf 81' lang='lat' dir='ltr'><strong>investigandum.</strong></span> <span class='ocrx_word' id='word_1_376' title='bbox 585 4088 804 4149; x_wconf 89' lang='lat' dir='ltr'><strong>discutiendum</strong></span> <span class='ocrx_word' id='word_1_377' title='bbox 823 4088 929 4149; x_wconf 87' lang='lat' dir='ltr'><strong>itidem</strong></span> <span class='ocrx_word' id='word_1_378' title='bbox 946 4088 1125 4150; x_wconf 88' lang='lat' dir='ltr'><strong>doctioribus</strong></span> <span class='ocrx_word' id='word_1_379' title='bbox 1141 4090 1281 4170; x_wconf 86' lang='lat' dir='ltr'><strong>relinquo</strong></span> <span class='ocrx_word' id='word_1_380' title='bbox 1304 4088 1388 4149; x_wconf 82' lang='lat' dir='ltr'><strong>unde</strong></span> 
     </span>
    </p>
   </div>
   <div class='ocr_carea' id='block_1_3' title="bbox 292 4172 1390 4341">
    <p class='ocr_par' dir='ltr' id='par_1_5' title="bbox 292 4172 1390 4341">
     <span class='ocr_line' id='line_1_46' title="bbox 293 4172 1389 4259; baseline 0.003 -30"><span class='ocrx_word' id='word_1_381' title='bbox 293 4172 481 4250; x_wconf 80' lang='lat' dir='ltr'><strong>Acropolites</strong></span> <span class='ocrx_word' id='word_1_382' title='bbox 510 4173 633 4234; x_wconf 86' lang='lat' dir='ltr'><strong>dicatur.</strong></span> <span class='ocrx_word' id='word_1_383' title='bbox 676 4174 836 4259; x_wconf 67' lang='lat' dir='ltr'><strong>Acropolis</strong></span> <span class='ocrx_word' id='word_1_384' title='bbox 861 4177 973 4256; x_wconf 80' lang='lat' dir='ltr'><strong>Libyae</strong></span> <span class='ocrx_word' id='word_1_385' title='bbox 998 4176 1068 4237; x_wconf 83' lang='lat' dir='ltr'><strong>urbs</strong></span> <span class='ocrx_word' id='word_1_386' title='bbox 1093 4186 1124 4233; x_wconf 88' lang='lat' dir='ltr'><strong>et</strong></span> <span class='ocrx_word' id='word_1_387' title='bbox 1143 4175 1281 4234; x_wconf 79' lang='lat' dir='ltr'><strong>Aetoliae</strong></span> <span class='ocrx_word' id='word_1_388' title='bbox 1304 4173 1389 4254; x_wconf 81' lang='lat' dir='ltr'><strong>apud</strong></span> 
     </span>
     <span class='ocr_line' id='line_1_47' title="bbox 292 4255 1390 4341; baseline 0.007 -28"><span class='ocrx_word' id='word_1_389' title='bbox 292 4255 478 4335; x_wconf 77' lang='lat' dir='ltr'><strong>Stephanum</strong></span> <span class='ocrx_word' id='word_1_390' title='bbox 500 4257 760 4341; x_wconf 78' lang='lat' dir='ltr'><strong>Ethuographuna.</strong></span> <span class='ocrx_word' id='word_1_391' title='bbox 801 4261 1083 4330; x_wconf 75' lang='lat' dir='ltr'><strong>iberiaedsiaticas</strong></span> <span class='ocrx_word' id='word_1_392' title='bbox 1097 4261 1187 4321; x_wconf 85' lang='lat' dir='ltr'><strong>stiam</strong></span> <span class='ocrx_word' id='word_1_393' title='bbox 1203 4259 1278 4320; x_wconf 84' lang='lat' dir='ltr'><strong>urbs</strong></span> <span class='ocrx_word' id='word_1_394' title='bbox 1292 4262 1390 4321; x_wconf 80' lang='lat' dir='ltr'><strong>Dioni</strong></span> 
     </span>
    </p>
   </div>
   <div class='ocr_carea' id='block_1_4' title="bbox 0 0 1485 4838">
    <p class='ocr_par' dir='ltr' id='par_1_6' title="bbox 0 0 1485 4838">
     <span class='ocr_line' id='line_1_48' title="bbox 0 0 1485 4838; baseline 0 0"><span class='ocrx_word' id='word_1_395' title='bbox 0 0 1485 4838; x_wconf 95' lang='lat' dir='ltr'><strong> </strong></span> 
     </span>
    </p>
   </div>
  </div>
 </body>
</html>
