2934 4838
340 344 643 413 AGROPOLITAM
667 345 819 414 NOTAE.
1057 349 1130 420 225

40 512 166 573 membri
181 512 286 572 lueret.
307 527 367 592 qua
382 508 420 570 de
435 529 523 570 cansa
536 508 575 570 ad
589 509 764 571 diuturnum
777 529 927 570 carcerem
944 522 989 571 est
1003 511 1131 574 damna-

40 609 98 657 tns.
142 618 208 657 cum
228 596 429 676 displicuisset
448 597 566 655 Sultani
587 597 744 669 iratribus,
777 600 830 676 qui
851 616 978 676 regnum
1000 619 1068 658 cum
1092 622 1129 661 ec

37 680 206 758 diviserant,
229 681 312 764 quod
327 679 480 739 hominem
493 682 655 760 profugum
668 692 698 740 et
708 683 873 760 supplicem
884 687 1027 761 pecuniae
1040 705 1130 745 causa

36 768 238 826 Rornanorum
259 766 432 844 imperatori
446 764 642 844 prodidisset,
671 766 856 825 iracundiam
880 788 983 827 eorum
1006 771 1128 847 placuit.

34 870 166 933 namque
179 853 279 911 aiebat
290 848 501 929 pacificationis
514 870 585 930 ergo
599 852 687 909 iilum
700 854 859 925 remisisse,
874 853 1130 932 ncnprodidisse3

36 946 65 993 et
80 934 236 995 homiuem
251 954 364 1014 vagum
377 938 409 993 in
421 937 549 1014 patriam
564 937 745 1010 restituisse,
775 947 808 995 nt
826 957 884 994 nec
903 939 968 1015 ipsc
984 939 1058 997 alios
1073 959 1130 998 nec

33 1022 134 1099 ipsum
152 1022 206 1080 alii
226 1031 484 1101 prosequerentur.
527 1019 578 1080 hic
590 1023 692 1080 Erricc
712 1023 787 1081 circa
802 1020 1013 1099 Adramytium
1027 1026 1128 1102 agenti

34 1124 115 1164 arma
132 1108 242 1179 infert,
272 1117 303 1164 et
322 1108 510 1186 inexpectato
532 1117 713 1185 superventu
734 1117 764 1165 et
782 1106 974 1166 multitudine
996 1109 1129 1187 primum

34 1189 160 1270 quidem
177 1202 320 1249 terrorem
333 1191 455 1266 incutit,
477 1188 531 1250 sed
545 1194 662 1266 Erricc,
693 1210 762 1251 cum
776 1195 879 1251 Martis
902 1193 968 1250 alea
986 1192 1130 1253 tentanda

32 1274 198 1352 rideretur,
221 1289 290 1333 ante
306 1275 380 1334 alins
399 1287 428 1335 et
439 1294 494 1355 per
504 1275 637 1335 mediam
648 1275 779 1337 hostium
792 1280 888 1336 aciem
902 1281 1044 1337 cumanis
1058 1297 1130 1358 per-

31 1370 194 1440 rumpente
209 1358 385 1440 dissipatur:
406 1381 477 1421 nam
492 1363 596 1420 Graeci
617 1364 732 1443 equites
752 1361 791 1420 ad
810 1366 939 1442 primam
953 1365 1130 1424 Latinorum

29 1446 264 1524 impressionem
279 1456 308 1504 et
321 1443 475 1505 hastarum
494 1446 686 1506 directionem
700 1450 853 1507 concitatis
868 1450 953 1528 equis
968 1438 1129 1527 fugientes,

28 1529 191 1607 pedestres
211 1528 329 1589 ordines
349 1528 484 1592 hostibus
504 1531 693 1594 trucidandos
704 1534 889 1615 reliquerunt
902 1544 931 1592 et
946 1533 1131 1614 spoliandas.

29 1633 71 1672 ex
83 1617 205 1673 Niceta.
247 1617 326 1674 Aac.

116 1718 151 1778 p·
175 1697 216 1762 14
237 1718 268 1757 v.
291 1702 323 1763 8.
367 1700 583 1781 Παφλαγονίας
607 1696 640 1764 dl
660 1695 780 1781 πάσης]
809 1699 908 1767 David
932 1700 1081 1782 siquidem
1100 1712 1131 1762 et

29 1783 164 1843 Alexius
177 1784 293 1858 fratres,
311 1786 449 1843 Manuele
461 1783 623 1844 Andronici
634 1789 754 1866 tyranni
767 1788 970 1846 Rornanorum
983 1788 1044 1847 filio
1056 1788 1130 1864 nati,

29 1870 108 1927 alter
121 1871 216 1927 Ponti
230 1871 406 1928 Heracleam
425 1880 455 1927 et
471 1869 709 1949 Paphlagoniam
730 1882 941 1951 occupaverat,
964 1872 1039 1930 alter
1054 1874 1131 1929 Ale-

29 1956 103 2012 xius
121 1956 279 2013 Oenaeum
297 1965 326 2013 et
339 1955 483 2034 Sinopem
496 1956 584 2014 urbes
598 1966 627 2014 et
639 1959 870 2035 Trapezuntem.
914 1955 967 2014 sed
980 1955 1130 2036 quomodo

29 2037 264 2118 expeditionem
284 2041 419 2098 uetans
446 2043 478 2097 in
502 2039 649 2099 Davidem
672 2044 848 2099 Latincrruu
873 2042 995 2099 auxiliis
1018 2042 1131 2099 fultum

30 2126 203 2204 susceperit
227 2143 355 2206 emaque
378 2123 588 2202 debellaverit,
619 2122 716 2187 disces
740 2129 882 2185 silicata
908 2128 942 2183 in
968 2124 1132 2185 Beldutno.

27 2210 108 2267 Ans.

115 2313 149 2373 p·
168 2291 212 2357 15
230 2311 261 2351 v·
277 2297 308 2358 2·
342 2294 399 2356 susi
421 2288 478 2372 uls
496 2291 529 2356 ir
547 2286 721 2373 illiciteque]
745 2304 830 2373 capta
853 2294 955 2374 cpoli,
985 2311 1054 2354 cnm
1075 2291 1132 2353 de·

30 2378 240 2457 signationem
261 2380 447 2457 imperatoris
469 2378 618 2457 suffragiis
638 2397 703 2437 esse
722 2377 964 2439 committendam
979 2377 1132 2438 decretum

29 2473 128 2537 esset,
158 2481 205 2523 ex
219 2464 341 2521 Francis
361 2473 390 2521 et
405 2464 609 2541 Langobardis
630 2465 777 2545 quinque,
801 2466 852 2522 alii
873 2485 928 2523 sex
951 2463 1068 2538 dicunt,
1091 2482 1132 2524 ex

29 2549 156 2607 Venetis
178 2546 309 2605 totidem
329 2549 414 2606 lectis
432 2546 596 2621 iudicibus,
618 2549 749 2628 plurium
766 2548 915 2627 suffragiis
930 2568 993 2609 sors
1012 2551 1132 2629 imperii

26 2632 187 2691 Bnlduino
207 2631 364 2691 Flsndriae
378 2634 480 2690 comiti
496 2633 617 2712 obtigit,
639 2631 721 2712 quod
731 2635 866 2714 plerique
882 2644 986 2714 putant
1000 2631 1133 2693 Danduli

27 2717 137 2777 fraude
156 2729 193 2777 et
207 2717 326 2776 solertis
341 2719 454 2776 factum
466 2737 541 2793 esse,
563 2721 616 2799 qui
630 2736 699 2776 cum
712 2718 750 2777 ob
766 2722 938 2778 caecitatem
953 2719 1131 2778 excludere·

26 2810 86 2878 tur,
110 2804 282 2882 imperium
294 2821 388 2882 penes
403 2822 472 2861 enm
486 2822 551 2863 esse
564 2805 659 2862 voluit
673 2805 726 2883 qui
738 2801 927 2864 hilarioribus
942 2816 1021 2864 esset
1035 2807 1131 2863 mori-

25 2887 86 2947 bus
109 2898 141 2947 et
163 2889 292 2965 ingenio
313 2890 413 2946 minus
435 2887 608 2947 ambitioso:
636 2886 691 2947 sed
705 2888 787 2967 qnod
800 2890 989 2968 potissimum
1004 2891 1076 2961 luit,
1097 2896 1134 2946 ut

25 2976 169 3052 privatus
197 2973 382 3050 imperatoris
414 2970 560 3051 designati
584 2975 767 3051 principatus
795 2991 888 3051 qnam
914 2974 1131 3030 remotissimus

25 3069 110 3117 esset
124 3078 143 3116 e
157 3060 345 3119 Venetorum
358 3055 490 3132 dicione,
511 3077 550 3115 na
572 3059 598 3116 si
618 3076 677 3138 qua
693 3059 891 3114 controversia
907 3074 975 3113 cum
987 3056 1039 3113 illo
1054 3056 1132 3112 inci-

27 3142 146 3219 disset,
178 3143 284 3222 plures
296 3144 395 3221 copias
411 3143 508 3200 subito
524 3162 565 3200 ex
579 3162 633 3201 suc
646 3143 791 3199 territorio
805 3159 951 3198 arcessere
966 3150 1017 3197 ant
1030 3141 1131 3198 Vene-

23 3238 75 3286 tos
91 3228 176 3286 lines
191 3225 348 3285 commode
361 3225 502 3285 invadere
517 3237 568 3284 sut
582 3226 799 3284 incursionibus
810 3244 919 3282 vexare
932 3233 1042 3302 posset,
1054 3242 1131 3303 quae

25 3316 136 3371 omnia
148 3317 183 3370 in
202 3310 342 3390 expedito
355 3331 420 3369 essa
433 3309 760 3369 Bonilacioltlarchinni
770 3329 810 3367 ex
816 3307 1024 3386 Langobardia
1037 3317 1131 3367 notat.

23 3395 77 3457 his
94 3396 264 3455 Dandulns
280 3397 467 3454 Bonilacinm
480 3392 682 3453 biarchionem
700 3395 826 3471 repulit,
847 3391 1028 3453 Balduinnm
1042 3411 1133 3470 prae·

24 3484 111 3557 tulit,
125 3484 219 3540 cuius
229 3478 350 3539 ditionis
360 3483 471 3538 limites
483 3488 599 3536 tantum
610 3481 754 3537 avenatis
768 3477 876 3535 distare
888 3488 1020 3551 noverat,
1034 3495 1132 3556 quan-

23 3578 95 3626 tum
112 3568 265 3626 Venetiae
281 3567 492 3624 sGraecorum
510 3565 672 3643 provinciis
691 3561 973 3620 distenuinarentur.
1016 3564 1134 3640 pactio-

22 3672 83 3712 nes
106 3655 199 3710 inter
219 3670 270 3709 eos
293 3652 381 3709 initas
401 3652 590 3708 Innocentius
608 3666 670 3705 non
691 3666 794 3705 cannes
815 3646 964 3719 laudavit,
986 3644 1132 3727 quasdam

24 3741 127 3795 etiam
145 3736 331 3814 reprobarit.
373 3733 443 3793 ride
461 3751 581 3834 quoque
600 3733 763 3811 Gregoram
781 3731 834 3789 lib.
851 3732 880 3793 l.
922 3728 993 3787 hinc
1001 3731 1133 3805 ,lect0r,

22 3842 64 3880 av
43 3840 190 3901 nosces
201 3839 293 3900 qnam
302 3820 415 3878 insulse
425 3821 603 3877 recentiores
614 3828 643 3876 et
650 3817 744 3875 mfirnr
755 3816 884 3874 nominis
895 3818 1060 3893 scriptores,
1069 3816 1133 3874 Dc-

22 3905 163 3964 rotheus
177 3905 445 3963 monembasiensis
460 3913 489 3962 et
501 3901 668 3961 Matthaeus
682 3902 794 3995 Gipcla,
816 3902 947 3972 Venetis,
968 3898 1046 3957 inter
1059 3918 1134 3980 quos
1164 3896 1173 3921 ⁸

22 4008 192 4072 synopses
210 4007 280 4048 snas
298 3987 491 4048 historiarum
513 3990 643 4067 pessime
668 3948 880 4046 concinnarunt
909 3994 939 4042 et
967 3983 1134 4058 ediderunt,

22 4076 317 4178 supparasitentur,
348 4077 400 4179 qui
419 4074 552 4132 scribunt
566 4073 722 4132 Venetos
712 4072 873 4149 imperium
883 4069 1073 4147 cpolitanum
1087 4080 1134 4127 te·

22 4166 153 4235 unisse,
181 4155 324 4238 λαβοντες
337 4182 395 4237 την
410 4159 562 4237 βασιλείαν
575 4158 608 4219 cl
617 4155 817 4218 Bsslrsucs‘
778 4179 833 4233 της
851 4150 1136 4219 Κωνσιαντινουπό·

22 4252 125 4321 temp,
162 4253 197 4300 et
212 4242 293 4324 qnod
307 4243 520 4318 inundasset,
541 4260 699 4322 paranncs
712 4242 927 4343 quinquaginta
942 4256 998 4297 sex
1015 4241 1081 4312 rel,
1102 4250 1136 4299 ut

22 4330 177 4401 tradunt,
201 4330 357 4408 sexaginta
369 4339 400 4386 et
411 4346 529 4388 menses
542 4338 619 4406 octo,
640 4325 749 4387 additis
761 4328 850 4386 etiam
865 4323 970 4388 diebus
983 4322 1135 4400 tredecim,

67 4424 188 4491 (reug
212 4422 333 4493 Aaou
352 4419 448 4476 Aust.
892 4411 931 4473 15
