2934 4838
372 308 676 384 tonoronrur
698 316 854 391 noran
1085 328 1160 403 273

62 476 144 560 epeli
165 495 183 536 a
203 476 325 538 Graecis
347 473 491 539 dimissus
511 479 620 556 suerit,
642 482 734 542 refert
752 480 969 564 Pachymerius
989 510 1022 570 p.
1041 496 1084 560 86
1106 499 1159 565 15,

61 570 205 644 Gregoras
220 562 311 627 libat
326 583 359 643 p·
373 566 415 628 79
435 568 489 627 22.
531 575 724 627 tractantem
737 569 827 629 urbes
841 584 986 634 recenset.
1027 582 1105 642 Ant..

64 740 98 802 n
140 650 251 795 12184
265 670 296 710 r.
311 650 363 715 18.
404 644 527 732 sdspls
539 642 599 716 οὖν
611 652 889 739 οεβοσιοκρᾶτορα]
912 658 1159 747 Gregoresp.79

101 775 111 796 s
202 753 228 796 Β·

12 900 13 903 ¹
141 841 174 901 p.
189 821 251 884 186
267 838 298 878 v·
312 814 345 881 4.
386 810 553 899 instrepas
572 823 630 884 soti
648 821 790 905 βορείου]
819 827 967 907 Gregoras
987 851 1021 910 p.
1042 837 1085 899 80
1105 839 1160 902 20.

12 960 14 989 Ι
62 904 99 966 de
109 904 167 967 heo
180 925 214 963 re
229 905 366 984 pluribus
380 906 443 984 agit
458 902 659 986 Pachymeres
670 908 725 969 lib.
740 913 761 974 2
776 930 803 969 ο.
823 915 871 977 19.
912 916 992 975 Aac.

12 1046 16 1075 ,Ι
139 1012 173 1073 p.
190 991 253 1054 187
267 1009 298 1049 r.
312 992 343 1053 3.
384 985 441 1071 sels
453 988 485 1065 ἐξ
498 989 608 1070 ἔθους]
630 994 777 1073 Gregoras
792 1015 823 1075 p.
836 999 878 1062 81
901 1003 953 1064 12.
994 1002 1074 1061 Aac.

12 1132 14 1163 Ι
139 1097 172 1156 p.
198 1077 258 1139 188
282 1094 313 1134 r·
332 1076 383 1138 11.
434 1075 713 1160 πονευφοὲστοτος]
747 1082 893 1162 Gregorss
916 1087 1079 1145 Aesonium
1101 1109 1160 1153 asu

12 1218 16 1249 ὃ
62 1183 159 1223 reram
178 1170 209 1220 et
226 1160 347 1239 imperii
366 1157 624 1223 administratione
645 1183 704 1225 neo
722 1186 792 1226 cum
809 1166 925 1229 fossore
945 1170 1070 1254 quidem
1083 1193 1159 1233 con-

60 1246 216 1309 ferendum
229 1243 322 1304 tradit
335 1265 367 1324 p.
380 1248 421 1310 66
443 1247 495 1312 19.
537 1249 616 1307 Ass.

141 1331 184 1392 r'b.
201 1335 297 1395 nw-
340 1322 409 1393 ἀλλ’
431 1329 449 1395 d
469 1327 700 1416 plsZeipdsus,
723 1328 807 1400 ised
820 1335 981 1422 βασιλεύς]
1003 1339 1158 1404 hooidem

60 1419 193 1502 pluribus
210 1425 311 1475 narret
324 1412 526 1495 Pachymeres
541 1418 595 1478 lib.
610 1424 631 1485 2
649 1439 677 1478 c.
696 1423 745 1483 17.
787 1424 868 1483 Ana.

144 1524 176 1584 p.
192 1505 255 1568 190
269 1521 300 1561 r.
313 1504 346 1564 t.
387 1503 601 1585 nopoyyeilac]
627 1506 775 1584 Gregoras
791 1527 823 1587 p.
838 1511 879 1574 83
900 1511 932 1573 8.
972 1512 1052 1572 Asa.

141 1609 175 1670 p·
193 1589 252 1653 191
268 1606 299 1646 v·
312 1588 345 1651 3.
387 1588 572 1670 μποτεστας]
594 1609 657 1650 vox
672 1611 756 1651 mere
773 1595 898 1669 Latina,
918 1606 1062 1673 potestas.
1108 1596 1159 1657 di-

60 1675 180 1754 gnitatis
200 1692 314 1752 genus,
334 1673 474 1733 Italicum
487 1674 624 1752 podeetc.
669 1674 725 1736 sed
745 1686 776 1737 et
793 1680 899 1758 priscis
915 1683 1032 1742 Latinis
1045 1702 1159 1744 nomen

60 1760 150 1820 officii
164 1767 196 1819 et
208 1760 414 1839 magistratus.
455 1761 607 1820 luvenalis
619 1761 719 1842 Satyr.
736 1766 793 1827 10³

466 1856 656 1924 praetextam
673 1868 789 1907 eurwre
804 1850 917 1922 mavis,
1022 1866 1027 1875 '

223 1947 267 1989 arr
282 1928 468 1988 Rdenorrms
488 1929 713 2012 Gabromrnqrse
728 1954 790 1993 ecre
796 1933 955 2013 potestas?

60 2012 221 2075 Suetonius
242 2017 276 2073 in
297 2011 441 2074 Claudio:
470 2026 563 2095 atque
582 2019 672 2076 strom
684 2039 744 2098 per
758 2022 934 2098 provinciae
951 2018 1162 2079 dotandum*

61 2098 142 2179 apud
165 2101 240 2159 alios
261 2102 419 2179 scriptores
437 2102 721 2164 Graeco-barbaros
737 2102 848 2164 dicitur
859 2100 1046 2179 ποτεοτοὶτος.
1088 2102 1158 2163 vide

60 2185 247 2246 Glossarium
266 2187 403 2245 Meus-sii.
445 2184 529 2267 quod
545 2197 577 2248 et
594 2190 697 2268 ipsum
711 2208 775 2249 non
789 2191 888 2250 multo
898 2200 969 2270 post
982 2199 1085 2249 auctor
1099 2209 1161 2248 no-

60 2280 119 2332 ster
132 2279 268 2352 usurpat.
310 2272 435 2331 Dauus.

141 2354 185 2415 ib.
209 2376 240 2416 v.
264 2360 316 2422 10.
358 2354 574 2436 Aeoooooioa]
606 2357 754 2437 Gregoras
774 2378 806 2439 p.
827 2356 869 2423 85
890 2354 922 2421 1.
965 2355 1162 2437 Daphnnsiae

61 2442 198 2500 meminit
217 2437 404 2521 Nicephorus
424 2439 593 2522 patriarcba
613 2444 787 2522 cpolitenus
801 2445 834 2502 in
849 2444 1002 2503 Breviario
1016 2442 1161 2503 historico

62 2526 113 2607 (p.
126 2525 168 2591 44
180 2529 209 2586 A
220 2525 270 2586 ed.
281 2523 426 2607 lupen).
468 2529 502 2584 in
524 2525 636 2588 codicis
656 2529 859 2609 antiquissimi
871 2530 1025 2607 margine,
1050 2531 1083 2587 in
1098 2548 1160 2609 quo

61 2621 123 2671 erat
139 2614 276 2692 Apoplus
295 2614 389 2671 maris
400 2612 516 2671 Euxini
527 2614 593 2672 sine
607 2616 730 2673 nomine
745 2614 892 2691 samoris,
915 2611 1050 2674 diversus
1068 2614 1105 2672 ab
1122 2634 1161 2673 eo

60 2698 125 2842 (1ιί1ι
132 2707 180 2757 est
199 2699 337 2776 Arriani,
359 2695 535 2758 adnotatum
556 2707 621 2758 erat
643 2691 829 2764 Ἀπολλωνία
848 2696 873 2781 cl
890 2701 951 2763 stis
963 2699 1158 2779 Aapvooolo.

143 2865 186 2927 tt.
204 2887 235 2927 r.
252 2869 303 2932 17.
345 2861 813 2949 ἔνδροςτινᾶςέξοορμημὲνονς]
837 2868 984 2947 Gregoras
995 2888 1028 2947 p·
1043 2865 1085 2932 84
1108 2864 1161 2933 16.

60 2971 125 3013 rem
146 2950 316 3013 distinctius
332 2963 435 3012 narrat
453 2950 655 3031 Pachymeres
673 2954 727 3012 lib.
741 2957 763 3016 2
778 2972 804 3011 ο.
817 2957 870 3018 27.
913 2950 1051 3011 Phranza
1071 2952 1159 3011 aliter

58 3038 113 3098 lib.
131 3042 149 3102 1
166 3058 192 3097 ο.
205 3036 236 3101 4.
279 3058 389 3098 vesane
402 3041 504 3120 itaque
515 3040 606 3098 nianis
620 3038 788 3098 Sabellicus
798 3039 911 3096 Rerum
924 3038 1030 3095 Venet.
1042 3034 1159 3096 Deead.

59 3123 114 3183 lib.
131 3125 174 3187 10
188 3126 222 3183 in
234 3120 327 3184 fidem
341 3125 524 3183 Graecorum
536 3124 678 3199 oblatrat,
699 3142 791 3206 qnam
804 3124 869 3182 siue
882 3131 984 3201 aperto
998 3119 1158 3182 mendacio

58 3206 181 3269 laedere
202 3227 265 3268 non
286 3211 400 3288 potuit,
426 3219 529 3268 narrat
547 3206 698 3290 siquidem
720 3205 868 3292 quosdam
889 3208 1035 3283 Graecos,
1056 3226 1159 3267 rerum

58 3294 264 3374 praesentium
278 3305 446 3374 pertaesos,
472 3314 542 3353 cum
560 3296 741 3374 Palaeologo
758 3314 814 3374 per
827 3290 904 3353 fidos
921 3294 1043 3353 nuntios
1059 3295 1159 3373 egisse

59 3388 94 3440 ot
106 3389 188 3440 cesta
198 3381 295 3440 noctis
305 3376 380 3439 hora
394 3400 463 3439 cum
476 3379 586 3461 quibus
597 3380 656 3439 sibi
666 3379 819 3441 rideretur
830 3380 924 3459 copiis
936 3377 1070 3438 adesset:
1091 3379 1159 3438 fore

59 3474 95 3524 ut
107 3466 142 3524 in
157 3464 264 3523 urbem
278 3476 415 3545 receptus
427 3467 493 3525 sine
506 3466 569 3524 ulla
582 3464 673 3525 caede
687 3484 789 3526 rerum
799 3467 957 3545 potiretur.
998 3466 1159 3525 Palaeolo-
1286 3502 1293 3519 .

59 3569 134 3629 gum
147 3551 335 3610 occasionem
346 3553 473 3610 ministre
486 3553 692 3631 negligentem
706 3552 825 3611 silentio
837 3552 934 3611 noctis
948 3569 1017 3610 cum
1029 3548 1159 3631 expedi-

59 3636 184 3696 tissimis
202 3637 297 3716 copiis
315 3634 355 3695 ad
373 3636 480 3696 urbem
492 3639 665 3713 accessisse,
688 3655 764 3718 qaas
786 3656 842 3716 per
861 3654 981 3696 accessa
1002 3635 1040 3695 ab
1060 3634 1159 3695 hosti-

58 3719 117 3781 bus
139 3721 224 3797 loca,
246 3719 383 3804 nequid
403 3723 451 3781 1111
469 3723 654 3803 praesentire
674 3731 816 3802 possent,
836 3721 995 3782 moenibus
1011 3718 1158 3797 admotas,

59 3807 156 3866 cresis
178 3815 333 3887 portarum
352 3809 494 3888 vigilibus
515 3806 682 3888 proditores
701 3809 735 3866 in
753 3807 861 3868 urbem
880 3807 946 3866 sine
966 3805 1027 3864 elia
1043 3808 1159 3865 maiore

59 3888 154 3951 caede
174 3903 363 3974 acceperant.
406 3892 590 3953 Balduinum
612 3903 642 3953 et
662 3891 1158 3952 Pantalconemlustinianuman-

59 3978 187 4037 tistitem
197 3975 237 4037 ad
248 3981 382 4060 primunr
394 3989 498 4059 captae
511 3980 595 4040 urbis
607 3980 771 4040 tumultum
783 3978 912 4052 excitos,
934 3994 1004 4033 cum
1017 3993 1158 4033 neeessa-

59 4063 114 4122 rlis
133 4064 415 4148 pretiosissimisque
432 4065 537 4141 rebus,
558 4084 634 4146 quas
647 4074 794 4124 nocturna
810 4062 865 4121 illa
884 4057 1082 4141 trepidatione
1100 4077 1159 4117 ex·

59 4157 180 4227 portare
199 4160 379 4230 potuerunt,
401 4148 440 4210 ad
453 4152 601 4231 Euripum
615 4171 648 4210 se
660 4148 778 4230 trepide
793 4148 957 4227 recepisse,
981 4145 1034 4204 ubi
1049 4163 1161 4203 narem

60 4234 211 4313 ingressos
233 4237 373 4297 continua
394 4238 587 4317 navigatione
600 4237 634 4294 in
650 4236 807 4296 Euboeam
819 4253 885 4294 esse
900 4230 1027 4292 delatos.
1069 4239 1100 4290 et
1113 4230 1160 4288 illi

60 4336 184 4409 concon
205 4320 341 4384 Blandus
358 4324 481 4385 illarius
499 4323 555 4385 lib.
569 4324 590 4389 8
606 4318 722 4385 Deuad-
737 4326 776 4389 2:
803 4321 882 4381 urta
899 4321 1003 4399 itaque
1018 4317 1160 4378 eonius·

104 4411 204 4486 Gsorg.
225 4415 345 4489 Acropot.
365 4417 461 4472 mest.
914 4407 954 4470 18
