2934 4838
268 296 342 372 224
663 296 709 363 ΙΝ
734 293 960 363 GEORGllJli

269 467 337 547 lega
352 458 509 543 ',0qrsloo
537 457 791 566 quemadmodum
810 470 913 518 noster
924 467 1040 539 postea
1080 457 1132 516 rel
1154 468 1245 518 certe
1266 460 1369 527 vinae

270 487 401 611 truncale
415 547 618 625 dixeruntpro
628 540 780 621 ’,Οψίιιιον
800 548 1045 623 utporiiroepro
1058 543 1208 618 muudus,
1232 555 1266 602 et
1278 546 1369 603 multa

271 635 583 737 talia,quaepass1m
600 633 632 689 in
647 631 797 690 Glossario
814 630 984 688 observavit
997 627 1191 688 domuimus
1209 630 1369 688 Meursius.

268 720 396 799 θέματος
416 720 472 779 τοῦ
492 710 634 792 ’Onesiae
652 718 789 774 meminit
809 718 902 772 etism
919 717 1053 772 Zonaras
1071 715 1188 771 Annal.
1208 725 1286 772 tom.
1302 718 1367 777 Sin

269 805 460 864 Constantino
483 803 689 880 copronymo·
718 801 893 879 pronuncias
919 797 1037 858 Obricis'
1055 800 1150 856 vertit
1168 801 1366 899 Hieronymus

268 888 409 948 Wolfius.
453 897 484 944 at
497 886 577 965 θὲμα
582 884 689 966 (quod
704 883 828 958 erudite,
843 895 876 942 ut
890 885 1003 958 omnis,
1019 881 1110 940 docet
1125 885 1289 961 biennius)
1301 888 1364 962 pri·

267 976 360 1032 mitus
373 992 429 1050 pro
445 971 564 1049 legione
578 970 791 1050 accipiebatur,
818 988 895 1049 quae
915 970 1088 1068 provinciae
1104 969 1203 1026 alicui
1221 973 1361 1049 imposita.

268 1057 340 1117 hino
357 1058 542 1115 Glossarium
557 1066 642 1113 retus
664 1059 703 1113 ll.
723 1052 887 1155 Stephani
908 1053 986 1131 legra
1001 1047 1105 1126 τάξις,
1128 1053 1227 1133 dipsa.
1265 1066 1360 1134 postea
1446 1110 1447 1113 ,

267 1147 352 1225 ipsae
369 1144 537 1222 prouinciae
556 1139 698 1199 transsato
717 1142 837 1198 nomine
857 1141 898 1195 ita
910 1138 1056 1217 appellari
1069 1149 1260 1218 coeperunt3
1286 1136 1359 1219 qnod

269 1229 375 1288 multis
390 1226 537 1306 exemplis
549 1225 655 1305 probat
670 1226 850 1283 clarissimus
865 1220 1119 1301 Glossographus.
1168 1223 1255 1304 qnod
1272 1236 1356 1281 autem

271 1313 354 1392 θὲμα
366 1306 520 1389 Όψ,ιιιίον
549 1321 579 1367 et
594 1308 769 1389 quomundi
786 1307 1023 1381 obmutescent,
1047 1305 1151 1365 disces
1168 1330 1213 1367 ex
1228 1313 1359 1368 Cauma-

270 1393 626 1474 tinoPorpbyrogauneta
641 1392 753 1452 Them.
764 1395 875 1453 Orient.
891 1394 929 1465 43
951 1411 1042 1471 quem
1058 1394 1361 1452 aureolumlibellun

275 1482 418 1542 debemus
431 1483 468 1540 V.
484 1482 518 1538 C.
531 1482 757 1538 Bonarenturae
770 1478 924 1550 Vulcanio,
942 1488 975 1534 ut
987 1474 1126 1535 eiusdem
1139 1483 1277 1538 auctoris
1289 1482 1364 1538 Orti-

275 1566 406 1627 dentalia
417 1562 551 1624 themats
559 1562 713 1624 Frederico
728 1564 876 1638 Morellio,
891 1564 972 1641 regio
985 1559 1067 1642 apud
1080 1563 1191 1624 Gallos
1206 1567 1367 1645 interpreti.

275 1654 397 1711 Dones.

359 1757 391 1815 p
382 1739 444 1800 18
459 1753 489 1793 r.
504 1735 554 1799 18.
598 1729 674 1792 haec
687 1725 799 1812 Βοᾶρις
816 1748 885 1790 cum
899 1731 1039 1811 nuspiam
1052 1741 1210 1791 terrarum
1230 1732 1309 1792 mibi
1322 1755 1370 1792 oe-

277 1832 421 1894 curreret,
451 1829 620 1898 corruptum
647 1838 711 1877 esse
740 1818 918 1875 vocabulum
941 1815 1071 1875 iudicari
1093 1827 1122 1874 et
1146 1819 1372 1878 emendandum

278 1904 418 1984 Eriperes,
445 1902 594 1984 adquam
615 1900 855 1961 emendationem
876 1899 1082 1960 mihiNicetas
1100 1902 1207 1962 facem
1223 1907 1372 1984 praeluxit
1446 1960 1447 1967 ,

278 1996 310 2050 in
325 1991 462 2050 Manuale
473 1991 623 2049 comneno
637 1989 690 2047 lib.
703 1992 741 2051 2:
763 1981 847 2060 πόλις
860 1983 935 2049 notai
949 1983 1006 2065 reis
1017 1990 1078 2087 spir
1088 1987 1370 2068 struentem-'v

277 2073 377 2158 χώραν
394 2076 559 2151 τειχίζεται,
590 2072 675 2153 Βόρη
695 2096 747 2134 sus
735 2066 904 2133 Astarte
917 2069 1109 2150 παρωνύμως
1130 2072 1166 2146 ἐς
1185 2069 1280 2135 ἔτι
1254 2098 1371 2153 orepa-

276 2161 380 2263 opion.
421 2161 515 2218 Baris
529 2178 599 2237 ergo
612 2157 651 2216 ad
665 2160 817 2235 Aegaeum
832 2157 960 2235 Pelagus
975 2156 1056 2231 urbs,
1077 2176 1159 2238 qnae
1175 2170 1209 2217 et
1220 2160 1370 2229 Aulacia

276 2249 354 2303 circa
366 2247 594 2324 Hellespontum
610 2243 728 2302 alicubi.
769 2244 890 2301 Dones.

358 2349 389 2407 p.
410 2334 447 2390 14
463 2349 491 2386 v.
506 2330 537 2393 5.
580 2323 752 2408 Θεόδωρος]
774 2324 951 2385 Theodorus
965 2326 1369 2407 cognomentoblangapbrs,

276 2411 675 2556 iiiiiffihiiiiii
687 2411 1368 2557 .ii“1iii¹³.iiiiii.⁰iifi³iiiii
1445 2408 1446 2419 Ν

1213 2521 1224 2556 ι

278 2592 308 2641 et
320 2518 508 2641 iureiur’arido
521 2581 693 2660 adstringit,
722 2517 875 2663 Lydisque
889 2581 1026 2640 omnibus
1041 2579 1080 2638 ad
1093 2579 1295 2642 defectionem
1307 2586 1362 2639 im-

276 2668 370 2747 pulsis
383 2669 500 2745 regium
513 2685 622 2725 nomen
638 2668 790 2745 usurpavit
805 2678 835 2725 et
855 2677 1024 2745 argenteam
1038 2677 1197 2725 monetam
1212 2689 1276 2726 oum
1288 2670 1361 2723 iura-

278 2754 347 2832 gine
363 2772 416 2809 sua
432 2753 585 2830 percussit.
629 2749 726 2808 derisa
739 2752 825 2810 initio
841 2751 966 2810 defectio
980 2751 1046 2809 fuit.
1090 2771 1163 2809 cum
1180 2750 1366 2832 postmodun

279 2847 465 2915 augesceret,
500 2833 577 2892 nihil
590 2834 791 2894 annotandum
805 2848 886 2896 ratus
900 2839 1027 2895 isaacius
1042 2833 1202 2895 homiuem
1218 2836 1370 2896 Philadel-

279 2920 368 3003 phiae
395 2920 520 2980 obsidet.
564 2941 633 2979 curn
652 2919 791 2979 diuturna
813 2920 966 2980 obsidione
990 2921 1095 2979 urbem
1121 2920 1163 2979 ad
1188 2921 1373 2981 deditionem

280 3009 459 3087 compellere
471 3026 532 3066 non
543 3017 653 3086 posset,
675 3008 832 3086 paciscitur
848 3008 886 3066 iis
903 3004 1124 3065 condicionibus
1140 3018 1177 3064 ut
1193 3006 1373 3067 Theodorus

280 3092 423 3172 depositis
441 3095 525 3171 regni
542 3093 722 3171 insignibus,
750 3093 889 3171 privatim
904 3102 974 3169 agat
989 3093 1128 3170 civesque
1149 3095 1181 3150 ei
1199 3102 1375 3171 parentat

280 3182 380 3257 prius,
417 3189 447 3236 et
467 3175 618 3236 obsidibus
640 3179 767 3256 acceptis
785 3178 965 3256 Byzantium
984 3179 1149 3235 revertitur.
1194 3197 1261 3236 non
1280 3180 1375 3237 multe
1444 3218 1445 3231 ,

280 3275 349 3341 post
363 3265 492 3323 Basilius
509 3266 644 3321 Brtatzes
661 3262 806 3340 plurimos
818 3259 1004 3339 Msugaphae
1017 3264 1188 3320 coniuratos
1202 3263 1377 3341 largitioni·
1444 3254 1445 3265 ¹

281 3348 337 3407 bus
360 3351 503 3425 corrupit,
532 3347 687 3427 effecitque
701 3355 735 3404 ut
749 3347 822 3404 urbe
837 3346 1013 3425 pelleretur3
1041 3347 1094 3426 qui
1107 3344 1147 3404 ad
1160 3344 1378 3408 Chaioosroesa

281 3435 375 3492 lconii
388 3434 547 3492 sultanum
563 3433 707 3512 profugus
726 3432 840 3489 auxilia
860 3440 962 3490 contra
981 3433 1131 3490 Romanos
1149 3451 1213 3490 ιιοιι
1229 3437 1378 3513 impetre-

281 3520 341 3591 vit,
371 3519 498 3576 obtinuit
518 3528 619 3575 tamen
638 3528 672 3576 ut
691 3518 783 3575 anci
800 3516 904 3590 liberi,
937 3517 990 3596 qui
1011 3534 1081 3573 arcu
1103 3525 1133 3574 st
1147 3513 1296 3595 pharetra
1310 3520 1377 3577 freti

281 3604 431 3662 Romanos
445 3599 672 3681 praedabantur,
694 3604 914 3660 asciscerentur.
946 3603 989 3659 sic
1003 3604 1179 3679 nonparris
1193 3608 1293 3682 copiis
1306 3624 1379 3662 cou-

281 3691 382 3746 tractis
396 3686 530 3767 Phryges
543 3684 742 3745 Laodioeuses
760 3705 817 3744 uec
836 3705 897 3744 non
916 3686 1106 3744 colossenses
1122 3687 1295 3747 innumeris
1317 3692 1379 3746 en-

282 3771 370 3832 dibns
383 3773 492 3847 affecit,
505 3773 661 3851 mancipiis
677 3773 788 3829 civium
799 3790 921 3829 snorum
936 3780 965 3828 et
977 3773 1118 3829 iumentis
1131 3769 1283 3846 abductis,
1302 3778 1380 3832 areis

282 3861 395 3918 aestivo
410 3868 543 3937 tempore
555 3858 694 3929 incensis,
716 3865 747 3913 et
760 3857 855 3915 obviis
869 3857 1036 3936 quibusque
1048 3853 1191 3915 hostilem
1203 3859 1239 3913 in
1253 3859 1379 3917 modun

280 3945 422 4002 tractetis.
465 3940 621 4000 Michaelis
636 3960 756 4021 quoque
771 3938 976 4019 archistrategi
990 3941 1152 4020 templmn,
1183 3961 1263 4020 opus
1276 3946 1378 4001 ιιιιιὶ-

282 4047 367 4086 mum
382 4038 411 4086 et
425 4027 666 4100 celeberrimum,
687 4025 807 4084 incendi
819 4045 924 4105 passus
939 4036 993 4087 est.
1035 4023 1232 4103 postmodum
1251 4028 1293 4086 ad
1306 4028 1377 4087 sol·

283 4121 387 4171 tanum
405 4111 510 4171 rediit:
540 4110 594 4171 sed
608 4114 769 4190 imperator
781 4112 987 4190 largitionibus
1003 4112 1173 4189 impetrarit
1192 4123 1227 4169 ut
1248 4115 1303 4170 ille
1324 4110 1377 4169 de-

282 4207 378 4254 sertus
393 4216 411 4253 a
421 4198 546 4255 Sultano
559 4216 594 4255 so
607 4194 742 4275 proditus
755 4195 795 4254 ad
807 4217 840 4255 se
849 4199 1025 4270 mitteretur,
1039 4215 1074 4253 ea
1086 4205 1188 4254 tamen
1199 4197 1377 4255 condicione

282 4288 316 4337 ut
341 4277 539 4337 defectionem
567 4300 624 4337 nec
654 4283 750 4358 capite
776 4301 833 4341 nec
859 4282 1046 4340 mutilatione
1068 4281 1265 4361 laesioneque
1285 4283 1377 4339 ullius
