2934 4838
390 330 690 405 teucrorum
714 338 865 408 NOTAE.
1086 354 1170 429 259

66 499 255 570 tempestate
266 491 299 550 in
310 512 368 555 usu
383 492 488 555 fuisse.
532 497 677 579 Georgius
692 500 906 586 Pacbymerius
917 508 971 571 lib.
988 516 1005 578 1
1020 516 1169 582 Historias

65 577 210 635 Graecae
229 587 352 638 testatur
373 600 406 638 se
422 580 606 641 adolescente
624 587 785 649 nonnullos
800 611 933 669 massam
941 596 1078 676 ferream
1092 626 1168 666 00„-

64 662 193 720 dentem
214 661 354 721 mnibus
377 667 454 724 citra
473 688 583 726 noxam
603 671 776 748 οιιοίιιὶιὲοοο,
803 689 894 758 atque
909 682 954 741 ἱίο
969 684 1168 751 innocentiam

63 766 161 804 samm
170 767 232 825 per
242 748 424 809 monadum
438 761 574 811 iminium
584 754 755 817 redclffsoe.
802 773 832 820 et
846 763 899 823 diu
913 777 981 845 post
995 766 1072 831 haec
1086 784 1165 834 tem-

62 850 144 909 pora
162 830 265 892 adhuc
273 833 396 911 finum
411 838 542 915 minum
554 837 594 896 ab
607 839 715 901 illaesa
727 845 850 906 mulcere
864 861 1078 917 connectamur
1090 861 1165 922 scri·

63 916 112 974 bit
126 917 356 978 cantacuzenus
369 923 480 980 Histor.
496 924 619 1001 Byzant.
634 926 688 985 lib.
705 931 724 990 3
741 949 804 1010 cop.
821 937 872 998 27.
913 936 1037 997 Dones.

154 1020 190 1080 p.
210 1006 268 1067 100
280 1014 343 1063 not.
357 1023 387 1063 r.
401 1006 452 1069 11.
497 1009 620 1083 Φειδίας
630 1010 682 1074 sai
690 1014 882 1099 Πραξιτέλης]
896 1037 1008 1080 noram
1020 1022 1096 1085 mibi
1105 1026 1165 1091 hoo

64 1104 193 1165 semper
213 1089 312 1146 visum
331 1090 389 1148 fuir
406 1088 547 1150 Phidiam
569 1095 829 1179 Praxitelemque‚
867 1102 943 1164 duos
960 1107 1163 1176 nobilissimos

65 1174 233 1231 statuarios
246 1191 281 1231 aa
295 1175 465 1249 caelatores,
485 1197 642 1257 magorum
654 1201 688 1240 ac
698 1187 957 1265 praestigiatorum
967 1191 1033 1251 loco
1045 1192 1162 1259 haberi.

63 1256 92 1313 si
105 1275 174 1314 non
190 1268 320 1336 nugator
334 1261 507 1337 Graeculus,
527 1264 661 1342 profecto
675 1269 768 1327 velim
779 1268 879 1332 doceri
892 1273 966 1355 quid
978 1277 1035 1337 sibi
1046 1281 1120 1343 velit
1132 1294 1163 1345 at

62 1358 128 1420 quo
144 1340 262 1401 alludat
274 1355 385 1403 auctor.
426 1347 549 1407 Doosr.
821 1374 822 1377 ¹

154 1444 188 1504 p.
205 1431 261 1491 101
278 1428 372 1493 v.15.
415 1429 610 1513 Kattrptoov
621 1429 755 1517 ἀδελφοὶ]
776 1436 1000 1522 Pachymmim,
1015 1456 1160 1530 utsupra,

61 1526 129 1567 non
145 1506 237 1570 basse
252 1532 322 1571 oum
335 1512 487 1575 Thamara
504 1519 663 1579 Callimani
678 1525 786 1583 sororis
802 1529 930 1605 nuptias,
953 1529 1007 1589 sed
1021 1551 1089 1592 com
1099 1535 1162 1596 filia

63 1591 228 1657 Michaelis
245 1595 386 1677 despotae
401 1613 513 1663 secreta
525 1606 675 1684 sponsalia
687 1608 887 1689 suspicionem
899 1612 1029 1676 affectati
1041 1619 1161 1701 imperii

62 1682 201 1739 movisse
217 1681 319 1741 tradit.
360 1687 438 1744 Aur..

151 1783 187 1843 p.
205 1771 266 1831 102
284 1788 314 1827 r.
334 1768 365 1832 6.
394 1767 431 1827 de
443 1772 669 1850 purgationibus
682 1794 738 1853 per
749 1777 990 1842 monomachiam
1004 1793 1034 1844 et
1047 1786 1161 1850 ferrmn

63 1845 202 1911 candens
215 1850 285 1910 ride
300 1851 486 1914 doctissimas
503 1867 533 1915 et
545 1856 761 1920 eruditissimas
773 1864 893 1923 Martini
906 1867 1001 1927 Delrii
1017 1867 1162 1933 disserta-

61 1934 183 2012 tiones,
209 1946 239 1995 et
252 1938 374 1997 sixtum
387 1940 552 2001 senensem
564 1942 707 2003 Biblioth.
722 1946 777 2005 lib.
792 1952 814 2012 2
828 1950 860 2007 in
873 1950 944 2011 fine.
985 1965 1055 2014 sunt
1075 1976 1092 2015 a
1106 1978 1160 2018 sa·

59 2019 122 2161 acilis
145 2023 311 2083 canonibus
334 2021 492 2084 damnatae
515 2037 546 2085 et
566 2027 740 2089 interdictae
760 2031 816 2091 sub
837 2038 943 2114 poenis
965 2041 1159 2117 gravissimis.

110 2122 141 2162 r..

148 2209 183 2269 p·
202 2192 262 2260 103
276 2210 305 2250 v.
321 2191 352 2257 4.
394 2190 418 2273 ἦ
430 2188 481 2257 διδ
496 2188 612 2276 μύδρον
629 2190 800 2278 ἀπόδειξις]
821 2202 932 2261 mirum
956 2203 1029 2285 quid
1045 2206 1079 2267 in
1098 2204 1158 2270 boo

62 2270 256 2418 ζ”.ἒὲιῗῖζῖῗ
264 2275 1157 2459 ξὲἶῖῗῖἔῖ.ῗῗῗ.ῗὲἶ.“ἓῖξὲἶῖἶῗὲἓξῖ’0.ἶὲἶό110111ἷῖ

62 2443 115 2506 27.
159 2443 272 2503 addam
286 2449 352 2526 ipso
366 2458 499 2528 tempore
511 2452 683 2509 Lascarium
695 2450 772 2511 hano
782 2458 990 2534 purgationem
999 2461 1070 2520 ferri
1083 2482 1156 2523 cau-

63 2521 164 2589 dentis
177 2533 312 2589 maxime
325 2533 418 2593 fuisse
431 2536 464 2593 in
476 2554 552 2612 usu,
583 2546 617 2595 ut
635 2538 769 2598 coriatus
784 2544 868 2601 testis
880 2544 971 2604 refert
985 2545 1155 2628 Psohyme·

62 2612 125 2671 rius
138 2615 197 2673 lib.
214 2616 232 2677 1
251 2614 297 2695 (ρ.
310 2619 351 2683 88
369 2616 514 2700 2-11).
555 2630 585 2679 et
598 2633 670 2681 nota
683 2622 734 2686 κοδ
749 2619 827 2690 εἶδον
839 2625 861 2692 δ
873 2622 1002 2710 γράφων
1013 2628 1101 2714 ἦβοῖν
1112 2637 1155 2719 τῷ

61 2690 127 2759 so're
136 2695 331 2776 δποοτοὶντος
341 2698 426 2777 sisois
438 2708 578 2781 soscrisse,
606 2700 686 2788 πλήν
702 2701 867 2793 α’λωβήτως
878 2708 1103 2794 insilientium
1118 2716 1153 2781 τδ

62 2779 248 2862 θαυμάσιον.
288 2806 380 2865 pyrae
405 2808 526 2849 erersae
545 2791 751 2870 probationem
770 2798 803 2855 in
822 2794 984 2859 homicidio
998 2801 1080 2882 apud
1092 2804 1155 2883 cy-

60 2868 143 2943 prios
159 2869 230 2947 lego
245 2870 325 2950 apud
336 2870 530 2933 Theodorum
539 2872 737 2936 Prodromum
758 2876 795 2937 de
809 2879 1005 2945 Rhodanthes
1020 2896 1051 2945 at
1061 2887 1154 2947 Dosi-

61 2949 278 3014 cliiamoribos
289 2955 343 3014 lib.
361 2958 390 3018 1.
431 2961 509 3017 Aur..
1063 2974 1065 2979 ’

145 3036 190 3097 ib.
205 3059 235 3096 r.
251 3044 299 3104 15.
321 3038 404 3121 ὁτῆς
415 3039 635 3123 Φιλαδελφέων]
656 3041 707 3103 hic
719 3055 764 3104 est
775 3042 890 3106 Phocas
902 3045 1150 3130 Philadelphieu-

59 3118 102 3177 sis
117 3124 293 3204 episcopus,
322 3144 413 3206 quem
434 3129 637 3188 oumArsenio
654 3127 822 3209 patriarcha
837 3129 955 3191 ridetur
969 3133 1150 3195 confundere

58 3201 209 3266 Phranza.
248 3210 326 3269 Aac.
870 3254 875 3261 ·

143 3311 178 3371 p·
199 3296 257 3356 107
274 3313 303 3352 r.
319 3298 350 3359 6.
391 3290 594 3377 δΜονοοὴλ]
616 3316 677 3356 non
692 3316 762 3376 ergo
775 3298 934 3377 Arrenius,
955 3297 1148 3361 utPhranza.

59 3370 227 3454 Gregoras:
257 3372 337 3459 ὅμως
355 3376 456 3454 ἔδοξεν
480 3374 583 3461 ὅρκοις
605 3374 698 3446 oriris
718 3375 925 3463 βοβοιοδοοπο
950 3395 1007 3444 eto.
1055 3388 1147 3446 rerba

57 3451 153 3520 habes
172 3464 316 3540 superiori
330 3465 436 3541 capite.
478 3463 533 3525 sed
551 3468 647 3545 magis
671 3464 808 3526 δίοδοοῐο
828 3477 858 3528 et
878 3480 1013 3529 accurata
1026 3469 1147 3553 Pachy-

57 3546 171 3604 mcrins
183 3551 271 3625 p22
287 3550 318 3612 8.
359 3549 437 3607 Aur..

141 3649 175 3710 p·
192 3633 250 3695 108
264 3650 293 3690 v·
307 3636 339 3697 7.
380 3631 433 3695 καὶ
448 3630 467 3696 δ
477 3629 633 3714 poturis]
655 3634 800 3714 Gregoras
813 3655 845 3715 p.
862 3632 903 3701 49
927 3640 980 3702 21.
1020 3638 1100 3697 Au..

142 3714 335 3793 p.109v.2.
377 3713 507 3800 γεγονοδς
521 3713 660 3799 ἄφωνος]
683 3722 827 3799 Gregoras
840 3741 872 3801 p·
885 3723 926 3788 60
948 3725 979 3787 6.
1020 3724 1097 3782 Asa.

142 3796 184 3855 ib.
204 3817 234 3855 v.
248 3799 279 3861 4.
320 3797 480 3883 soiitos]
503 3802 709 3881 corrigendum
727 3816 828 3864 censet
839 3807 986 3864 Meursius
1006 3800 1144 3886 φδδβιον,

58 3872 183 3941 barbara
203 3893 233 3941 et
251 3888 407 3964 peregrina
425 3906 514 3960 voce,
553 3885 679 3947 herbam
693 3889 887 3968 significante.
930 3887 968 3948 de
982 3909 1040 3971 qua
1055 3893 1145 3949 sicin

59 3960 225 4027 Glossario:
247 3962 376 4050 φὸλβιον
390 3968 498 4029 herbae
507 3992 614 4075 penus.
638 3975 806 4033 Demetrius
820 3975 903 4054 Cpol.
919 3973 1145 4055 Hierasosoplrii

58 4041 111 4105 ¹11³·
125 4055 147 4115 2
164 4071 229 4131 cap.
243 4054 279 4115 1:
302 4056 430 4134 φολβ1ου
442 4056 582 4136 βοτονρς,
597 4051 714 4133 κόστου,
741 4052 876 4138 σμύρνης
889 4050 1056 4138 (iecessario,
1076 4053 1145 4121 σῐᾶ·

58 4147 129 4208 κους
140 4130 276 4199 Ἰνδικοῦ.
318 4142 444 4198 ooourrit
456 4140 519 4199 illio
531 4142 653 4220 pluries.
694 4140 870 4222 videturque
885 4140 952 4199 beta
965 4162 1045 4217 esse,
1063 4162 1141 4223 qnae

58 4212 139 4278 liulis
146 4220 253 4299 foglia
264 4222 368 4281 mollo.
414 4224 560 4284 Scriverio
577 4247 648 4286 vero
658 4238 759 4286 nostro
772 4228 858 4286 aliter
872 4224 1003 4302 ridetur,
1026 4230 1078 4307 qui
1093 4229 1140 4287 le-

57 4301 188 4375 gendum
206 4316 306 4385 putot,
333 4309 485 4370 levissima
504 4314 669 4372 mutatione
689 4312 759 4394 βίοι
773 4334 806 4391 rr,
831 4306 989 4393 δφόδκιον,
1010 4323 1044 4373 ut
1060 4311 1140 4373 disat
