2934 4838
374 303 673 373 acuonomaat
696 307 847 375 Nouia
1084 315 1156 387 20³

75 463 128 522 lib.
143 468 194 529 37.
235 462 368 528 diversae
387 468 464 527 aliae
482 472 555 529 item
574 474 748 552 Acropolea.
788 473 949 553 Ampolu
966 495 1085 560 qnoque
1101 501 1158 541 arx

74 546 313 611 Atheniensium:
334 551 471 613 Athenae
491 559 573 615 enim
585 559 617 615 in
630 568 690 617 trea
704 567 804 639 partes
817 560 881 618 aive
895 562 1032 639 regiouea
1049 563 1158 625 dietin-

74 643 137 691 ctae
150 635 220 692 olim
233 647 262 695 et
276 637 403 713 divitae,
423 639 592 719 Acropolin
601 641 685 700 Actu
698 654 729 701 et
741 645 900 702 Piraeeum
908 657 1041 723 portum.
1085 648 1158 709 hiarc

72 738 219 778 nonnemo
232 722 366 782 fortassis
379 725 450 782 cada
461 736 546 803 putet
557 737 692 786 conatara
705 737 855 787 auctorem
866 728 946 789 huuc
958 732 1050 792 luiaao
1062 733 1159 794 Athe-
1269 788 1273 801 t

72 804 117 861 nia
128 814 243 864 natum.
260 818 265 825 ‘
286 809 353 867 allio
368 808 624 870 alitorrldebitur.
665 814 789 873 Donat.

151 925 183 985 p-
200 911 220 970 3
237 929 267 967 v.
282 909 312 971 1.
354 910 475 969 Veteres
485 911 551 970 sere
566 928 670 973 omnaa
683 933 718 972 ac
733 915 910 974 recentiores
925 913 1060 976 historici
1073 918 1105 977 id
1117 940 1158 978 ex

71 990 169 1049 animo
184 1003 374 1067 occurerunt,
394 1004 429 1079 ut
445 1006 513 1054 ante
529 998 587 1055 alia
602 999 761 1057 lectoribus
776 996 933 1075 historiae,
955 1011 986 1060 et
1000 1007 1161 1083 praecipua

71 1093 161 1154 qaam
181 1079 240 1156 ipsi
261 1089 326 1135 tum
348 1080 524 1156 scriberent,
551 1084 711 1142 utilitatem
736 1086 813 1142 miro
836 1085 995 1143 verborum
1017 1100 1160 1166 apparatu

70 1172 285 1238 proponentes,
307 1174 337 1221 et
357 1167 443 1244 quasi
462 1167 541 1225 illice
563 1166 675 1227 blanda
697 1186 792 1249 aeque
810 1188 846 1227 ao
863 1171 1037 1248 impulsoria
1054 1173 1160 1250 legen·

69 1246 145 1302 tium
169 1249 278 1306 animia
298 1249 447 1327 pellectia,
470 1249 510 1309 ad
526 1253 572 1310 aui
589 1253 749 1312 lectionem
766 1252 972 1313 vehementius
989 1257 1160 1315 inflamma-

71 1340 153 1387 rent:
175 1332 302 1391 utilitate
317 1336 397 1391 enim
408 1333 547 1395 ridentur
558 1340 659 1397 omnia
672 1339 815 1419 probare3
838 1338 966 1421 ideoque
978 1361 1040 1400 nou
1053 1343 1160 1402 incon-

69 1432 144 1492 grua
160 1414 283 1476 Ovidius
299 1422 320 1481 2
335 1416 372 1477 do
387 1422 493 1496 Ponto,

235 1504 299 1581 ipae
309 1502 396 1562 decor
409 1507 494 1578 recti,
506 1505 593 1585 sacti
604 1508 633 1564 ri
640 1507 779 1585 praemiii
795 1507 904 1577 deame,

279 1608 338 1647 nun
353 1601 461 1663 movet5
483 1602 512 1648 et
520 1593 619 1670 grutae
627 1595 759 1670 poenitet
773 1590 980 1669 anspradum.

236 1671 284 1729 nit
294 1664 354 1731 r'iiei
367 1675 448 1753 quud
451 1677 586 1753 prodeat,
610 1697 715 1734 comm
726 1687 778 1735 ert.
823 1696 860 1734 en
872 1676 993 1735 detralw
1004 1679 1098 1736 menti

277 1760 490 1839 apaemsmctua
500 1761 622 1833 avidae,
642 1781 727 1819 nenio
736 1761 883 1841 petendam
898 1763 962 1819 erit.

236 1851 271 1900 at
282 1844 394 1902 reditur
407 1847 469 1902 tiam
484 1848 607 1926 quiaque
617 1866 686 1905 auca
700 1857 796 1917 amat,
818 1857 848 1903 et
858 1844 918 1904 eibi
929 1845 1006 1925 quid
1017 1846 1057 1904 eit

280 1929 353 1986 utile
365 1928 500 1987 sollicitis
512 1941 664 2009 computat
676 1930 821 1990 articulum

74 2005 167 2089 adque
186 2029 254 2067 cum
276 2013 329 2071 alii
348 2014 416 2072 fuae
439 2013 683 2095 abundanterque
705 2024 898 2095 peregerunt,
926 2015 968 2071 ait
990 2010 1040 2072 laic
1061 2023 1163 2071 auctor

74 2096 155 2152 nolle
169 2115 203 2153 ae
217 2116 294 2155 nuitc
308 2097 413 2157 eadem
424 2101 545 2175 iterare,
566 2118 606 2158 na
627 2098 765 2159 videatur
779 2097 905 2158 eandem
919 2101 1099 2156 cantilenam
1111 2117 1163 2155 ca-

74 2199 155 2237 nere.
199 2200 256 2238 nec
286 2184 344 2241 alia
373 2186 486 2242 ratione
509 2203 595 2244 auam
616 2203 739 2244 exorem
762 2195 807 2243 est
826 2180 982 2242 historiam
1008 2183 1164 2262 Polybius.

75 2267 261 2341 prooemium
277 2265 334 2325 hoo
347 2269 440 2328 inscio
453 2266 568 2328 editum
583 2280 627 2330 eat
644 2289 661 2328 a
675 2269 883 2348 compilatore,
905 2268 975 2326 lioet
987 2269 1050 2328 lere
1063 2269 1164 2326 omnia

77 2349 107 2404 in
119 2348 247 2408 eandem
259 2357 437 2412 sententiam
450 2353 625 2430 efferantur,
648 2373 739 2435 quem
753 2351 847 2412 edidit
857 2354 973 2427 Danaa,
994 2364 1029 2412 ut
1040 2352 1166 2432 quilibet

77 2452 116 2490 ex
145 2453 177 2493 ae
212 2436 438 2498 animadvertet.
479 2458 534 2498 noa
556 2450 659 2498 tamen
682 2437 817 2498 codicem
840 2440 920 2497 nacti
944 2438 1165 2512 absolutiorem,

76 2520 290 2596 praelationem
305 2524 389 2581 illam
403 2525 434 2582 ia
449 2525 656 2604 compilatione
670 2522 880 2598 exhibuimus,
902 2540 995 2603 quam
1005 2543 1046 2583 ex
1059 2542 1096 2582 eo
1108 2542 1166 2581 ex-

76 2606 249 2683 acripaimua
263 2607 326 2667 lere
342 2604 468 2667 eandem
482 2628 551 2668 cum
564 2606 621 2668 hac
632 2620 745 2669 nostra.
785 2611 959 2668 nutrius.

157 2708 225 2787 p·5
246 2711 319 2773 aa.
360 2711 484 2770 Tacittu
504 2711 613 2770 Annal.
635 2712 669 2773 1:
700 2712 764 2768 cine
781 2713 829 2769 ira
850 2721 879 2768 et
900 2710 1011 2781 radio,
1040 2728 1169 2789 quianam

79 2809 185 2850 mucor
199 2792 312 2869 procul
329 2792 432 2853 habeo.
478 2805 507 2854 at
527 2798 544 2859 1
564 2798 675 2855 lliator.
694 2796 749 2853 aed
765 2798 968 2874 incorruptam
978 2794 1077 2870 fidem
1090 2814 1167 2871 pro-

72 2874 176 2953 seaaia,
199 2897 254 2939 nec
267 2898 367 2936 amore
378 2882 536 2959 quamquam
550 2891 578 2938 et
589 2883 653 2938 aine
664 2880 730 2938 odio
743 2880 886 2938 diuendita
897 2891 949 2939 ert.
992 2881 1103 2937 ueritas
1116 2877 1168 2935 hl-

81 2964 186 3021 otoriae
204 2966 308 3042 quanti
318 2963 454 3022 facienda
467 2967 516 3039 cit,
536 2966 602 3024 inre
616 2984 685 3023 cnm
698 2965 750 3022 alii
762 2972 978 3043 pertractarunt
991 2972 1058 3020 tum
1071 2963 1167 3019 (ieon-

81 3048 147 3123 gina
160 3045 362 3128 Pachymerea
377 3052 410 3107 in
426 3069 560 3129 procem.
572 3047 676 3109 histor.
689 3069 721 3128 p·
736 3052 776 3112 12
800 3050 838 3111 11
854 3066 921 3129 tqq·
963 3048 1041 3103 Aua·

160 3148 206 3211 ib.
223 3170 254 3210 v.
269 3154 319 3213 11.
360 3154 415 3213 τοῦ
433 3148 476 3231 μή
492 3147 593 3231 λήθης
612 3151 704 3234 βυθῷ
724 3142 767 3230 ἢν
788 3143 806 3211 d
824 3140 948 3231 χρόνος]
970 3144 1168 3228 Pachymerea

82 3252 112 3312 p·
129 3238 169 3300 12
191 3235 211 3299 6
234 3238 403 3295 etloannea
417 3238 578 3296 cinnomus
593 3233 660 3316 pt
682 3237 712 3297 1.
755 3235 832 3292 Anu.

166 3335 209 3396 ⁸⁶5·
232 3347 296 3396 nol·
317 3356 347 3396 v·
367 3341 398 3403 6.
440 3336 633 3418 intlupluo]
654 3339 697 3397 ita
721 3338 827 3395 vitioso
850 3354 915 3410 ma,
936 3351 996 3415 quo
1013 3333 1102 3392 unico
1121 3334 1169 3393 uei

84 3439 198 3482 tamus.
239 3421 430 3482 scribendum
444 3421 647 3504 lyyeyiupluo.
687 3424 812 3482 Donat.

166 3523 208 3583 t'b·
234 3544 264 3583 v·
286 3528 336 3590 13.
377 3527 432 3604 τῆς
449 3524 697 3602 ammantica]
726 3522 827 3602 epulis
846 3530 875 3580 et
897 3520 935 3579 ab
956 3520 1023 3580 aliia
1044 3520 1170 3599 scripto·

86 3607 181 3684 tibae,
217 3621 378 3689 antequam
400 3618 554 3688 caperetur
581 3628 600 3666 a
620 3609 752 3684 Latinio,
786 3605 820 3665 ld
848 3616 893 3667 eat
919 3607 1002 3665 ltalia
1024 3606 1118 3664 Gallia
1141 3614 1170 3662 et

86 3692 202 3772 Belgit,
223 3690 311 3768 πόλις
331 3689 448 3757 πόλεων
469 3691 521 3756 καὶ
541 3690 686 3773 βασιλέων
704 3691 802 3767 iouia,
821 3692 899 3751 felix
911 3701 979 3749 aute
994 3691 1068 3749 aliae
1080 3699 1109 3749 et
1123 3710 1172 3751 rc·
1246 3764 1254 3781 ι

88 3779 156 3853 gina
176 3779 296 3838 urbium
317 3777 394 3838 dicta
416 3790 477 3855 eat,
498 3797 667 3858 nomenque
684 3788 804 3858 propter
820 3777 1029 3835 excellentiam
1044 3774 1125 3834 urbia
1144 3785 1175 3834 et

23 3896 25 3909 ·
87 3864 187 3923 Norae
198 3866 310 3923 Romae
321 3867 441 3923 meruit.
481 3883 553 3922 nam
565 3866 743 3943 Byzantium
755 3873 840 3923 vetuo
853 3881 963 3920 numen
978 3880 1067 3919 nemo
1084 3860 1174 3939 paulo

32 3982 36 3993 ·
89 3942 247 4007 humanior
264 3952 401 4029 ignorat,
422 3951 572 4030 uitamque
592 3950 673 4024 eiua,
693 3968 803 4027 nempe
825 3944 865 4005 ad
886 3948 1053 4024 Bosporum
1073 3942 1175 4004 Thra-

90 4033 185 4108 cium,
206 4036 325 4113 imperil
345 4033 513 4094 Occideutla
535 4031 687 4114 quondam
704 4034 755 4114 (et
776 4034 940 4093 emmaum
962 4028 1070 4104 laodic,
1093 4032 1119 4089 ai
1133 4031 1176 4087 ita

90 4114 256 4178 'lurcorum
268 4117 456 4199 tyrannidem
469 4122 622 4178 nominare
637 4117 747 4197 liceat)
770 4128 868 4196 capnt.
910 4113 986 4174 haec
1002 4125 1127 4194 augusta
1146 4125 1177 4173 et

92 4202 172 4279 regia
195 4205 281 4278 urba,
304 4206 411 4264 veterio
429 4206 542 4264 Romae
565 4202 663 4284 (quae
680 4213 709 4262 et
723 4203 886 4282 septicollia
900 4202 945 4260 uti
960 4197 1035 4259 haec
1050 4195 1177 4263 terito·

91 4302 150 4362 φος
170 4288 312 4370 Graecia)
331 4290 467 4370 aemula,
491 4286 597 4351 muudi
617 4288 812 4367 maecum,
832 4286 913 4350 urbia
932 4288 1062 4368 epitoma
1076 4305 1111 4346 ac
1124 4305 1175 4347 ra·
