2934 4838
303 293 379 368 204
695 294 742 363 nt
767 295 995 363 GEOllGthi

304 483 371 524 rum
393 460 529 532 domna,
555 466 621 517 tmn
642 460 788 539 temporis
801 459 835 519 in
850 461 922 523 tlora
938 479 994 520 sno
1008 480 1069 521 non
1082 463 1240 523 imsnesito
1255 465 1394 524 Martialis

302 550 436 610 versibus
451 545 624 623 compellari
640 547 737 623 potuit

460 640 609 687 ιεπωτιιη
622 629 680 688 dea
690 630 884 708 gestatosque
896 630 1014 701 Iicrrur⁹

463 713 1053 792 cuiparcstnilsiletm'lrilssssmdnm.

299 799 451 857 enimvero
464 797 522 859 boc
533 797 661 858 Iudaeus
673 802 798 879 scriptor
807 809 946 871 testatur,
969 799 1131 858 Beniamin
1147 799 1321 881 (inquam)
1336 803 1393 859 Ta-

300 882 429 942 delensis
445 887 478 943 in
491 886 645 944 itinerario
660 904 730 957 suc,
751 883 804 942 uhi
816 905 849 944 se
863 885 981 963 Gpolim
992 887 1115 943 venisse
1132 896 1166 943 et
1179 887 1263 943 inter
1275 887 1333 942 alia
1347 906 1392 943 ur-
1430 926 1434 933 -

296 968 343 1026 bis
359 967 536 1028 admiranda
547 968 657 1029 vidisse
669 966 851 1029 blachernas
864 968 903 1027 ad
917 971 1000 1029 littus
1013 973 1119 1044 maris,
1144 990 1225 1050 opus
1236 973 1305 1048 imp.
1318 972 1389 1027 lim-

296 1055 461 1129 mannetis,
483 1054 594 1115 scribit.
635 1056 669 1112 in
687 1074 733 1126 eo,
754 1056 866 1135 inquit,
891 1053 955 1112 loco
975 1055 1042 1113 vadi
1055 1075 1105 1113 res
1119 1056 1387 1113 nanntumffeds‘-

297 1136 381 1202 bita.
412 1140 586 1220 deserum
597 1140 677 1197 anun
688 1141 722 1198 irs
735 1138 818 1198 illud
828 1138 985 1198 Palatitae
997 1142 1167 1218 quotenus&
1178 1139 1302 1208 tributa,
1318 1142 1384 1218 qai·

296 1221 354 1282 bus
373 1234 467 1282 traua
487 1224 648 1301 implesse
666 1226 802 1283 coccinea
816 1245 1029 1303 purpureoque
1048 1235 1130 1282 vesta
1143 1236 1175 1282 et
1191 1246 1282 1292 arao,
1298 1226 1337 1281 ita
1350 1233 1383 1281 nt

297 1308 409 1368 muita·
419 1319 564 1367 terrarum
575 1330 637 1386 par
650 1319 816 1368 consueras
829 1319 919 1389 atque
931 1309 1107 1367 divinorum
1122 1310 1297 1388 caenapum
1307 1312 1382 1365 iasa-

295 1394 359 1451 rsirs'
374 1395 479 1470 possit.
525 1394 695 1471 affirmatur
713 1406 814 1452 autem
828 1396 923 1472 spsirss
938 1393 1031 1452 solius
1042 1395 1179 1453 civitatis
1194 1395 1337 1473 vectigal,
1351 1416 1382 1450 es

286 1478 370 1558 soris
377 1488 468 1555 porus
481 1498 519 1536 ao
531 1489 727 1537 mercatorum
740 1477 850 1538 tributo
862 1479 1031 1549 collectum,
1051 1479 1097 1537 ad
1106 1481 1229 1557 vs'giszti
1239 1481 1325 1538 milia
1335 1501 1384 1536 aa·

293 1583 410 1620 reorum
433 1565 466 1620 irs
488 1562 623 1642 ausgrslos
644 1564 707 1623 diss
723 1563 871 1622 accedm.
915 1566 991 1623 vixit
1012 1561 1062 1622 hic
1080 1576 1278 1624 auctorante
1294 1568 1386 1628 toea

293 1645 376 1728 quod
391 1652 522 1706 excurrit
535 1668 639 1708 anuos.
681 1652 798 1709 Nicetas
812 1648 970 1708 Ghouiates
984 1668 1044 1707 nou
1058 1669 1119 1707 nno
1133 1652 1167 1707 in
1181 1651 1255 1709 loco
1269 1652 1386 1708 nobilis·

292 1734 401 1790 simam
416 1729 494 1790 haue
507 1733 612 1792 urbem
623 1735 699 1793 mire
712 1732 878 1813 praedicat,
899 1744 1068 1814 sortemque
1083 1736 1150 1792 eins
1164 1737 1233 1791 iam
1249 1756 1267 1791 a
1281 1738 1385 1794 Latinis

292 1828 397 1897 captae
421 1816 572 1898 deplorat:
604 1817 672 1877 vide
696 1821 842 1899 imprimis
862 1820 994 1898 elogium
1012 1819 1093 1877 urbis
1113 1820 1148 1876 in
1167 1820 1290 1879 Alexio
1311 1822 1386 1878 Duce

293 1902 449 1961 Murzuflc.
491 1901 581 1961 habet
595 1905 627 1961 iu
642 1907 807 1983 κειμηλίοις
823 1906 885 1963 suis
897 1906 1104 1963 Bonareutura
1118 1904 1386 2048 Vulcaniusffi

293 1991 407 2067 optime
427 1987 464 2047 de
485 1989 591 2047 litteris
615 1989 735 2047 Graecis
748 1991 899 2067 meritus,
918 1991 1053 2067 Gregorii
1072 1990 1177 2067 Cyprii
1199 1993 1302 2069 patria

292 2074 443 2151 cpolitani
467 2072 693 2153 descriptionem
712 2085 742 2132 et
763 2077 932 2133 encomium
949 2076 1032 2133 illius
1050 2074 1151 2147 urbis,
1172 2076 1384 2134 Emmanuelis

291 2170 444 2235 praeterea
468 2157 663 2239 Chrysolorae
686 2161 843 2239 epistolas,
867 2160 975 2243 quibus
997 2169 1129 2217 veterem
1145 2170 1175 2216 et
1191 2163 1316 2218 Novam
1327 2163 1382 2219 lic·

289 2260 372 2300 mam
395 2246 473 2302 inter
495 2264 527 2303 se
552 2247 769 2304 accuratissime
791 2255 952 2324 comparat.
1002 2254 1163 2324 extantque
1183 2246 1283 2323 vulgo
1307 2249 1381 2304 Petri

289 2325 374 2384 Gillli
388 2325 425 2385 de
440 2327 636 2410 topographia
649 2331 774 2410 (lpoleos
789 2340 818 2387 et
832 2329 869 2387 de
884 2331 964 2388 illius
977 2329 1203 2409 antiquitatibus
1215 2328 1380 2389 doctissimi

289 2416 509 2489 commentarii,
531 2418 575 2473 uti
594 2414 676 2474 etde
693 2418 823 2494 Bosporo
838 2413 978 2474 Thracio.
1020 2416 1184 2493 imaginem
1201 2435 1276 2472 vero
1294 2414 1377 2473 huim

287 2497 490 2574 amplissimae
513 2501 639 2558 civitatis
657 2499 759 2559 videre
774 2500 827 2581 qui
842 2502 939 2575 volet,
960 2497 1048 2557 adeat
1063 2502 1089 2557 is
1105 2497 1282 2558 academiae
1299 2503 1374 2577 bog-
1443 2498 1444 2545 l

287 2577 529 2641 duno-Batavus
550 2582 779 2659 bibliothecam,
806 2586 859 2643 uhi
882 2587 1008 2643 Turoica
1031 2585 1131 2663 Gpolis
1155 2587 1187 2642 in
1209 2587 1312 2643 tabula
1335 2588 1368 2647 li

286 2667 402 2725 olroiter
413 2665 506 2745 pedes
521 2669 649 2746 oblonga
666 2689 758 2728 manu
776 2668 947 2729 Melobioris
960 2666 1091 2728 Loriohii
1104 2670 1280 2728 felicissime
1295 2668 1368 2725 deli-

283 2761 371 2809 neata
387 2752 502 2810 visitur.
546 2751 583 2810 de
600 2752 707 2813 eadem
721 2775 779 2813 nou
794 2775 888 2834 pauca
903 2758 992 2813 etiam
1006 2757 1037 2811 iu
1053 2755 1188 2832 epistolis
1208 2766 1239 2813 et
1252 2758 1366 2811 itinera·

283 2837 334 2896 riis
359 2839 420 2896 suis
438 2839 600 2896 memoriae
616 2838 746 2918 produnt
759 2841 959 2920 amplissimus
974 2842 1120 2917 Augerius
1136 2840 1327 2921 Rusbequias
1339 2849 1370 2897 et
1443 2862 1444 2879 ¹

283 2924 488 2982 ornatissimus
502 2923 593 2983 frater
605 2944 692 2985 meus
704 2927 848 3004 Georgius
860 2926 977 3000 Dcusa,
999 2926 1052 3004 qui
1064 2925 1149 2982 aunis
1159 2926 1370 3005 superioribus¹
1443 2932 1444 2939 ’

283 3004 357 3066 dum
371 3012 432 3067 vita
446 3009 578 3090 deusque
593 3011 744 3086 sinebant,
767 3011 852 3089 cpoli
866 3030 934 3068 oum
950 3020 1044 3084 esset,
1066 3028 1106 3069 ex
1121 3010 1245 3089 Georgii
1263 3011 1372 3069 Canta-

282 3095 403 3169 ouzmi,
424 3097 482 3154 viri
500 3097 603 3176 magni
624 3105 654 3154 et
671 3097 861 3174 imperatorio
880 3103 1036 3154 stemmate
1050 3091 1185 3168 oriundi,
1208 3094 1371 3154 bibliothe-

280 3196 334 3236 cas
356 3199 417 3239 mss
437 3179 587 3240 codicibus
606 3183 650 3238 sic
671 3183 743 3239 satis
757 3183 916 3239 instructae
933 3180 1072 3239 servitute
1087 3180 1252 3258 Georgium
1270 3183 1371 3260 hogo-

279 3259 396 3323 thetam
418 3277 553 3325 nostrum
574 3262 715 3338 redemit3
746 3268 831 3324 ouius
847 3268 960 3344 primae
977 3261 1115 3338 editioni,
1136 3265 1248 3339 lector,
1270 3269 1300 3324 ai
1321 3287 1373 3324 ae·

276 3366 375 3426 quum
390 3360 419 3407 te
437 3369 472 3410 ac
489 3352 639 3410 faventem
655 3369 789 3424 sensero,
813 3350 1036 3409 commsmicabo
1055 3350 1110 3408 tibi
1127 3360 1194 3429 post
1209 3370 1274 3408 non
1293 3355 1372 3410 visas
1443 3342 1444 3397 l

278 3428 424 3492 hactenus
437 3447 499 3507 eta
511 3437 613 3494 multis
627 3436 773 3514 expetitas
786 3436 905 3494 loannis
918 3438 1049 3515 chqrae
1062 3436 1204 3514 epistolas
1216 3432 1372 3516 theologi·

279 3535 347 3593 cas,
370 3538 471 3578 rarum
485 3518 622 3602 mihique
638 3540 740 3579 carum
755 3540 839 3600 opus.
883 3521 991 3600 quibua
1010 3531 1039 3579 et
1055 3522 1115 3578 alia
1126 3520 1254 3579 fortasse
1264 3541 1373 3580 succe·

279 3600 367 3679 dent,
390 3605 504 3686 reliqua
528 3604 604 3663 mihi
620 3604 718 3664 adhuc
731 3626 771 3663 ex
783 3607 867 3664 libris
879 3625 956 3681 mss,
978 3625 1054 3686 quos
1069 3624 1173 3664 secum
1189 3607 1227 3663 P.
1242 3607 1290 3664 ct.
1307 3608 1372 3665 fra-

276 3697 323 3746 ter
337 3709 423 3750 meus
436 3691 522 3772 Cpcli
534 3689 667 3751 adrexit.
711 3702 860 3749 caeterum
879 3693 937 3749 riri
956 3692 1079 3749 illustris
1094 3688 1239 3770 Hesyobii
1256 3692 1372 3751 auleti

277 3774 517 3852 elegantissimus
537 3776 657 3835 libellus
681 3774 718 3834 de
739 3776 827 3835 rebus
850 3779 954 3856 patriis
977 3776 1118 3854 Gpcleos‚
1148 3793 1242 3854 quem
1262 3795 1372 3837 recens

277 3862 391 3918 amicus
409 3872 511 3920 noster
531 3864 657 3923 loannes
677 3862 825 3921 Meursius
842 3862 953 3919 Graece
967 3871 997 3919 et
1010 3863 1116 3919 Latine
1128 3862 1243 3938 primus
1257 3864 1373 3942 vulga-

275 3946 319 4002 vit
332 3947 470 4028 notisque
484 3944 690 4005 eruditissimis
704 3948 879 4021 illustrarit,
898 3966 959 4005 non
974 3957 1018 4005 est
1033 3965 1105 4004 sane
1118 3947 1372 4023 praetereundus,

274 4031 410 4108 quinimo
438 4031 581 4091 ambabus
605 4032 744 4092 manibus
764 4029 997 4110 amplectendus.
1038 4027 1175 4089 rideatur
1198 4034 1296 4090 etiam
1321 4031 1374 4091 bie

273 4111 380 4174 ecdem
407 4117 495 4175 titulo
525 4119 722 4195 conscriptum
750 4117 928 4196 opusculum
956 4117 1075 4193 elegans
1101 4116 1223 4193 Georgii
1246 4115 1372 4193 cadim,

272 4200 403 4274 origines
430 4202 600 4279 cpolitauas
626 4202 841 4280 complectens,
880 4198 962 4281 quod
989 4201 1081 4259 frater
1104 4219 1191 4258 meus
1217 4201 1373 4281 Georgius

265 4279 490 4360 ‘Heidelbergae
509 4286 582 4343 olim
599 4286 633 4345 iu
649 4287 785 4365 linguam
803 4286 942 4345 Lafinam
961 4305 1002 4344 ex
1017 4287 1129 4345 Graeco
1144 4286 1318 4364 cenaculis,
1340 4298 1375 4347 at
